%YAML 1.1
%TAG !u! tag:unity3d.com,2011:
--- !u!29 &1
OcclusionCullingSettings:
  m_ObjectHideFlags: 0
  serializedVersion: 2
  m_OcclusionBakeSettings:
    smallestOccluder: 5
    smallestHole: 0.25
    backfaceThreshold: 100
  m_SceneGUID: 00000000000000000000000000000000
  m_OcclusionCullingData: {fileID: 0}
--- !u!104 &2
RenderSettings:
  m_ObjectHideFlags: 0
  serializedVersion: 9
  m_Fog: 0
  m_FogColor: {r: 0.5, g: 0.5, b: 0.5, a: 1}
  m_FogMode: 3
  m_FogDensity: 0.01
  m_LinearFogStart: 0
  m_LinearFogEnd: 300
  m_AmbientSkyColor: {r: 0.212, g: 0.227, b: 0.259, a: 1}
  m_AmbientEquatorColor: {r: 0.114, g: 0.125, b: 0.133, a: 1}
  m_AmbientGroundColor: {r: 0.047, g: 0.043, b: 0.035, a: 1}
  m_AmbientIntensity: 1
  m_AmbientMode: 0
  m_SubtractiveShadowColor: {r: 0.42, g: 0.478, b: 0.627, a: 1}
  m_SkyboxMaterial: {fileID: 10304, guid: 0000000000000000f000000000000000, type: 0}
  m_HaloStrength: 0.5
  m_FlareStrength: 1
  m_FlareFadeSpeed: 3
  m_HaloTexture: {fileID: 0}
  m_SpotCookie: {fileID: 10001, guid: 0000000000000000e000000000000000, type: 0}
  m_DefaultReflectionMode: 0
  m_DefaultReflectionResolution: 128
  m_ReflectionBounces: 1
  m_ReflectionIntensity: 1
  m_CustomReflection: {fileID: 0}
  m_Sun: {fileID: 0}
  m_IndirectSpecularColor: {r: 0.18028378, g: 0.22571412, b: 0.30692285, a: 1}
  m_UseRadianceAmbientProbe: 0
--- !u!157 &3
LightmapSettings:
  m_ObjectHideFlags: 0
  serializedVersion: 12
  m_GIWorkflowMode: 1
  m_GISettings:
    serializedVersion: 2
    m_BounceScale: 1
    m_IndirectOutputScale: 1
    m_AlbedoBoost: 1
    m_EnvironmentLightingMode: 0
    m_EnableBakedLightmaps: 1
    m_EnableRealtimeLightmaps: 0
  m_LightmapEditorSettings:
    serializedVersion: 12
    m_Resolution: 2
    m_BakeResolution: 40
    m_AtlasSize: 1024
    m_AO: 0
    m_AOMaxDistance: 1
    m_CompAOExponent: 1
    m_CompAOExponentDirect: 0
    m_ExtractAmbientOcclusion: 0
    m_Padding: 2
    m_LightmapParameters: {fileID: 0}
    m_LightmapsBakeMode: 1
    m_TextureCompression: 1
    m_FinalGather: 0
    m_FinalGatherFiltering: 1
    m_FinalGatherRayCount: 256
    m_ReflectionCompression: 2
    m_MixedBakeMode: 2
    m_BakeBackend: 1
    m_PVRSampling: 1
    m_PVRDirectSampleCount: 32
    m_PVRSampleCount: 512
    m_PVRBounces: 2
    m_PVREnvironmentSampleCount: 256
    m_PVREnvironmentReferencePointCount: 2048
    m_PVRFilteringMode: 1
    m_PVRDenoiserTypeDirect: 1
    m_PVRDenoiserTypeIndirect: 1
    m_PVRDenoiserTypeAO: 1
    m_PVRFilterTypeDirect: 0
    m_PVRFilterTypeIndirect: 0
    m_PVRFilterTypeAO: 0
    m_PVREnvironmentMIS: 1
    m_PVRCulling: 1
    m_PVRFilteringGaussRadiusDirect: 1
    m_PVRFilteringGaussRadiusIndirect: 5
    m_PVRFilteringGaussRadiusAO: 2
    m_PVRFilteringAtrousPositionSigmaDirect: 0.5
    m_PVRFilteringAtrousPositionSigmaIndirect: 2
    m_PVRFilteringAtrousPositionSigmaAO: 1
    m_ExportTrainingData: 0
    m_TrainingDataDestination: TrainingData
    m_LightProbeSampleCountMultiplier: 4
  m_LightingDataAsset: {fileID: 0}
  m_LightingSettings: {fileID: 0}
--- !u!196 &4
NavMeshSettings:
  serializedVersion: 2
  m_ObjectHideFlags: 0
  m_BuildSettings:
    serializedVersion: 2
    agentTypeID: 0
    agentRadius: 0.5
    agentHeight: 2
    agentSlope: 45
    agentClimb: 0.4
    ledgeDropHeight: 0
    maxJumpAcrossDistance: 0
    minRegionArea: 2
    manualCellSize: 0
    cellSize: 0.16666667
    manualTileSize: 0
    tileSize: 256
    accuratePlacement: 0
    maxJobWorkers: 0
    preserveTilesOutsideBounds: 0
    debug:
      m_Flags: 0
  m_NavMeshData: {fileID: 0}
--- !u!1001 &72405041
PrefabInstance:
  m_ObjectHideFlags: 0
  serializedVersion: 2
  m_Modification:
    m_TransformParent: {fileID: 0}
    m_Modifications:
    - target: {fileID: 606226021212372426, guid: 0398ddcc1c6970740a471190cb7a22d5, type: 3}
      propertyPath: m_Name
      value: MainScripts
      objectReference: {fileID: 0}
    - target: {fileID: 6444618076120830033, guid: 0398ddcc1c6970740a471190cb7a22d5, type: 3}
      propertyPath: m_RootOrder
      value: 4
      objectReference: {fileID: 0}
    - target: {fileID: 6444618076120830033, guid: 0398ddcc1c6970740a471190cb7a22d5, type: 3}
      propertyPath: m_LocalPosition.x
      value: -5.1733165
      objectReference: {fileID: 0}
    - target: {fileID: 6444618076120830033, guid: 0398ddcc1c6970740a471190cb7a22d5, type: 3}
      propertyPath: m_LocalPosition.y
      value: 1.8498576
      objectReference: {fileID: 0}
    - target: {fileID: 6444618076120830033, guid: 0398ddcc1c6970740a471190cb7a22d5, type: 3}
      propertyPath: m_LocalPosition.z
      value: 2.3238566
      objectReference: {fileID: 0}
    - target: {fileID: 6444618076120830033, guid: 0398ddcc1c6970740a471190cb7a22d5, type: 3}
      propertyPath: m_LocalRotation.w
      value: 1
      objectReference: {fileID: 0}
    - target: {fileID: 6444618076120830033, guid: 0398ddcc1c6970740a471190cb7a22d5, type: 3}
      propertyPath: m_LocalRotation.x
      value: 0
      objectReference: {fileID: 0}
    - target: {fileID: 6444618076120830033, guid: 0398ddcc1c6970740a471190cb7a22d5, type: 3}
      propertyPath: m_LocalRotation.y
      value: 0
      objectReference: {fileID: 0}
    - target: {fileID: 6444618076120830033, guid: 0398ddcc1c6970740a471190cb7a22d5, type: 3}
      propertyPath: m_LocalRotation.z
      value: 0
      objectReference: {fileID: 0}
    - target: {fileID: 6444618076120830033, guid: 0398ddcc1c6970740a471190cb7a22d5, type: 3}
      propertyPath: m_LocalEulerAnglesHint.x
      value: 0
      objectReference: {fileID: 0}
    - target: {fileID: 6444618076120830033, guid: 0398ddcc1c6970740a471190cb7a22d5, type: 3}
      propertyPath: m_LocalEulerAnglesHint.y
      value: 0
      objectReference: {fileID: 0}
    - target: {fileID: 6444618076120830033, guid: 0398ddcc1c6970740a471190cb7a22d5, type: 3}
      propertyPath: m_LocalEulerAnglesHint.z
      value: 0
      objectReference: {fileID: 0}
    m_RemovedComponents: []
  m_SourcePrefab: {fileID: 100100000, guid: 0398ddcc1c6970740a471190cb7a22d5, type: 3}
--- !u!1 &409944996
GameObject:
  m_ObjectHideFlags: 0
  m_CorrespondingSourceObject: {fileID: 0}
  m_PrefabInstance: {fileID: 0}
  m_PrefabAsset: {fileID: 0}
  serializedVersion: 6
  m_Component:
  - component: {fileID: 409944999}
  - component: {fileID: 409944998}
  - component: {fileID: 409944997}
  m_Layer: 0
  m_Name: Corridor
  m_TagString: Untagged
  m_Icon: {fileID: 0}
  m_NavMeshLayer: 0
  m_StaticEditorFlags: 0
  m_IsActive: 1
--- !u!68 &409944997
EdgeCollider2D:
  m_ObjectHideFlags: 0
  m_CorrespondingSourceObject: {fileID: 0}
  m_PrefabInstance: {fileID: 0}
  m_PrefabAsset: {fileID: 0}
  m_GameObject: {fileID: 409944996}
  m_Enabled: 1
  m_Density: 1
  m_Material: {fileID: 0}
  m_IsTrigger: 0
  m_UsedByEffector: 0
  m_UsedByComposite: 0
  m_Offset: {x: 0, y: 0}
  m_EdgeRadius: 0
  m_Points:
  - {x: 6.6954827, y: -4.9014964}
  - {x: -5.8218894, y: -4.9208393}
  - {x: -4.8544183, y: -2.5141006}
  - {x: -6.166795, y: -2.3829443}
  - {x: -5.8590946, y: -0.88481}
  - {x: -5.4959764, y: 0.8280463}
  - {x: 5.4109073, y: 0.81004274}
  - {x: 6.70956, y: -4.904181}
  m_AdjacentStartPoint: {x: 0, y: 0}
  m_AdjacentEndPoint: {x: 0, y: 0}
  m_UseAdjacentStartPoint: 0
  m_UseAdjacentEndPoint: 0
--- !u!212 &409944998
SpriteRenderer:
  m_ObjectHideFlags: 0
  m_CorrespondingSourceObject: {fileID: 0}
  m_PrefabInstance: {fileID: 0}
  m_PrefabAsset: {fileID: 0}
  m_GameObject: {fileID: 409944996}
  m_Enabled: 1
  m_CastShadows: 0
  m_ReceiveShadows: 0
  m_DynamicOccludee: 1
  m_StaticShadowCaster: 0
  m_MotionVectors: 1
  m_LightProbeUsage: 1
  m_ReflectionProbeUsage: 1
  m_RayTracingMode: 0
  m_RayTraceProcedural: 0
  m_RenderingLayerMask: 1
  m_RendererPriority: 0
  m_Materials:
  - {fileID: 10754, guid: 0000000000000000f000000000000000, type: 0}
  m_StaticBatchInfo:
    firstSubMesh: 0
    subMeshCount: 0
  m_StaticBatchRoot: {fileID: 0}
  m_ProbeAnchor: {fileID: 0}
  m_LightProbeVolumeOverride: {fileID: 0}
  m_ScaleInLightmap: 1
  m_ReceiveGI: 1
  m_PreserveUVs: 0
  m_IgnoreNormalsForChartDetection: 0
  m_ImportantGI: 0
  m_StitchLightmapSeams: 1
  m_SelectedEditorRenderState: 0
  m_MinimumChartSize: 4
  m_AutoUVMaxDistance: 0.5
  m_AutoUVMaxAngle: 89
  m_LightmapParameters: {fileID: 0}
  m_SortingLayerID: 0
  m_SortingLayer: 0
  m_SortingOrder: 0
  m_Sprite: {fileID: 21300000, guid: 8eb51679241be0249b6fe1f55d62aa9e, type: 3}
  m_Color: {r: 1, g: 1, b: 1, a: 1}
  m_FlipX: 0
  m_FlipY: 0
  m_DrawMode: 0
  m_Size: {x: 12.8, y: 7.17}
  m_AdaptiveModeThreshold: 0.5
  m_SpriteTileMode: 0
  m_WasSpriteAssigned: 1
  m_MaskInteraction: 0
  m_SpriteSortPoint: 0
--- !u!4 &409944999
Transform:
  m_ObjectHideFlags: 0
  m_CorrespondingSourceObject: {fileID: 0}
  m_PrefabInstance: {fileID: 0}
  m_PrefabAsset: {fileID: 0}
  m_GameObject: {fileID: 409944996}
  m_LocalRotation: {x: 0, y: 0, z: 0, w: 1}
  m_LocalPosition: {x: 0, y: 1.21, z: 0}
  m_LocalScale: {x: 1, y: 1, z: 1}
  m_ConstrainProportionsScale: 0
  m_Children: []
  m_Father: {fileID: 0}
  m_RootOrder: 3
  m_LocalEulerAnglesHint: {x: 0, y: 0, z: 0}
--- !u!1001 &567498855
PrefabInstance:
  m_ObjectHideFlags: 0
  serializedVersion: 2
  m_Modification:
    m_TransformParent: {fileID: 0}
    m_Modifications:
    - target: {fileID: 1130720722122910434, guid: 4b888400c345b94408f648ac4a6c92e1, type: 3}
      propertyPath: onUnityClick.m_PersistentCalls.m_Calls.Array.size
      value: 1
      objectReference: {fileID: 0}
    - target: {fileID: 1130720722122910434, guid: 4b888400c345b94408f648ac4a6c92e1, type: 3}
      propertyPath: onUnityClick.m_PersistentCalls.m_Calls.Array.data[0].m_Mode
      value: 3
      objectReference: {fileID: 0}
    - target: {fileID: 1130720722122910434, guid: 4b888400c345b94408f648ac4a6c92e1, type: 3}
      propertyPath: onUnityClick.m_PersistentCalls.m_Calls.Array.data[0].m_Target
      value: 
      objectReference: {fileID: 1750230468}
    - target: {fileID: 1130720722122910434, guid: 4b888400c345b94408f648ac4a6c92e1, type: 3}
      propertyPath: onUnityClick.m_PersistentCalls.m_Calls.Array.data[0].m_CallState
      value: 2
      objectReference: {fileID: 0}
    - target: {fileID: 1130720722122910434, guid: 4b888400c345b94408f648ac4a6c92e1, type: 3}
      propertyPath: onUnityClick.m_PersistentCalls.m_Calls.Array.data[0].m_MethodName
      value: GoToScene
      objectReference: {fileID: 0}
    - target: {fileID: 1130720722122910434, guid: 4b888400c345b94408f648ac4a6c92e1, type: 3}
      propertyPath: onUnityClick.m_PersistentCalls.m_Calls.Array.data[0].m_TargetAssemblyTypeName
      value: ScenesManager, Assembly-CSharp
      objectReference: {fileID: 0}
    - target: {fileID: 1130720722122910434, guid: 4b888400c345b94408f648ac4a6c92e1, type: 3}
      propertyPath: onUnityClick.m_PersistentCalls.m_Calls.Array.data[0].m_Arguments.m_IntArgument
      value: 5
      objectReference: {fileID: 0}
    - target: {fileID: 1130720722122910434, guid: 4b888400c345b94408f648ac4a6c92e1, type: 3}
      propertyPath: onUnityClick.m_PersistentCalls.m_Calls.Array.data[0].m_Arguments.m_ObjectArgumentAssemblyTypeName
      value: UnityEngine.Object, UnityEngine
      objectReference: {fileID: 0}
    - target: {fileID: 2776057058788629649, guid: 4b888400c345b94408f648ac4a6c92e1, type: 3}
      propertyPath: m_RootOrder
      value: 6
      objectReference: {fileID: 0}
    - target: {fileID: 2776057058788629649, guid: 4b888400c345b94408f648ac4a6c92e1, type: 3}
      propertyPath: m_LocalPosition.x
      value: -5.5
      objectReference: {fileID: 0}
    - target: {fileID: 2776057058788629649, guid: 4b888400c345b94408f648ac4a6c92e1, type: 3}
      propertyPath: m_LocalPosition.y
      value: -0.03
      objectReference: {fileID: 0}
    - target: {fileID: 2776057058788629649, guid: 4b888400c345b94408f648ac4a6c92e1, type: 3}
      propertyPath: m_LocalPosition.z
      value: -0.10389423
      objectReference: {fileID: 0}
    - target: {fileID: 2776057058788629649, guid: 4b888400c345b94408f648ac4a6c92e1, type: 3}
      propertyPath: m_LocalRotation.w
      value: 0.78674316
      objectReference: {fileID: 0}
    - target: {fileID: 2776057058788629649, guid: 4b888400c345b94408f648ac4a6c92e1, type: 3}
      propertyPath: m_LocalRotation.x
      value: -0
      objectReference: {fileID: 0}
    - target: {fileID: 2776057058788629649, guid: 4b888400c345b94408f648ac4a6c92e1, type: 3}
      propertyPath: m_LocalRotation.y
      value: -0
      objectReference: {fileID: 0}
    - target: {fileID: 2776057058788629649, guid: 4b888400c345b94408f648ac4a6c92e1, type: 3}
      propertyPath: m_LocalRotation.z
      value: 0.6172804
      objectReference: {fileID: 0}
    - target: {fileID: 2776057058788629649, guid: 4b888400c345b94408f648ac4a6c92e1, type: 3}
      propertyPath: m_LocalEulerAnglesHint.x
      value: 0
      objectReference: {fileID: 0}
    - target: {fileID: 2776057058788629649, guid: 4b888400c345b94408f648ac4a6c92e1, type: 3}
      propertyPath: m_LocalEulerAnglesHint.y
      value: 0
      objectReference: {fileID: 0}
    - target: {fileID: 2776057058788629649, guid: 4b888400c345b94408f648ac4a6c92e1, type: 3}
      propertyPath: m_LocalEulerAnglesHint.z
      value: 76.236
      objectReference: {fileID: 0}
    - target: {fileID: 3740643057271322432, guid: 4b888400c345b94408f648ac4a6c92e1, type: 3}
      propertyPath: m_Sprite
      value: 
      objectReference: {fileID: 0}
    - target: {fileID: 3740643057271322432, guid: 4b888400c345b94408f648ac4a6c92e1, type: 3}
      propertyPath: m_WasSpriteAssigned
      value: 0
      objectReference: {fileID: 0}
    - target: {fileID: 3921111214257318055, guid: 4b888400c345b94408f648ac4a6c92e1, type: 3}
      propertyPath: m_Name
      value: KitchenDoor
      objectReference: {fileID: 0}
    - target: {fileID: 7589592065177210195, guid: 4b888400c345b94408f648ac4a6c92e1, type: 3}
      propertyPath: m_Size.x
      value: 0.5977397
      objectReference: {fileID: 0}
    - target: {fileID: 7589592065177210195, guid: 4b888400c345b94408f648ac4a6c92e1, type: 3}
      propertyPath: m_Size.y
      value: 0.19544654
      objectReference: {fileID: 0}
    - target: {fileID: 7589592065177210195, guid: 4b888400c345b94408f648ac4a6c92e1, type: 3}
      propertyPath: m_Offset.x
      value: -0.07886979
      objectReference: {fileID: 0}
    - target: {fileID: 7589592065177210195, guid: 4b888400c345b94408f648ac4a6c92e1, type: 3}
      propertyPath: m_Offset.y
      value: 0.062672086
      objectReference: {fileID: 0}
    m_RemovedComponents: []
  m_SourcePrefab: {fileID: 100100000, guid: 4b888400c345b94408f648ac4a6c92e1, type: 3}
--- !u!1 &818649421 stripped
GameObject:
  m_CorrespondingSourceObject: {fileID: 5259620241111863457, guid: e9b513609dcb2324dac2c910199bde53, type: 3}
  m_PrefabInstance: {fileID: 1575167679}
  m_PrefabAsset: {fileID: 0}
--- !u!1001 &851236665
PrefabInstance:
  m_ObjectHideFlags: 0
  serializedVersion: 2
  m_Modification:
    m_TransformParent: {fileID: 0}
    m_Modifications:
    - target: {fileID: 1130720722122910434, guid: 4b888400c345b94408f648ac4a6c92e1, type: 3}
      propertyPath: onUnityClick.m_PersistentCalls.m_Calls.Array.size
      value: 1
      objectReference: {fileID: 0}
    - target: {fileID: 1130720722122910434, guid: 4b888400c345b94408f648ac4a6c92e1, type: 3}
      propertyPath: onUnityClick.m_PersistentCalls.m_Calls.Array.data[0].m_Mode
      value: 3
      objectReference: {fileID: 0}
    - target: {fileID: 1130720722122910434, guid: 4b888400c345b94408f648ac4a6c92e1, type: 3}
      propertyPath: onUnityClick.m_PersistentCalls.m_Calls.Array.data[0].m_Target
      value: 
      objectReference: {fileID: 1750230468}
    - target: {fileID: 1130720722122910434, guid: 4b888400c345b94408f648ac4a6c92e1, type: 3}
      propertyPath: onUnityClick.m_PersistentCalls.m_Calls.Array.data[0].m_CallState
      value: 2
      objectReference: {fileID: 0}
    - target: {fileID: 1130720722122910434, guid: 4b888400c345b94408f648ac4a6c92e1, type: 3}
      propertyPath: onUnityClick.m_PersistentCalls.m_Calls.Array.data[0].m_MethodName
      value: GoToScene
      objectReference: {fileID: 0}
    - target: {fileID: 1130720722122910434, guid: 4b888400c345b94408f648ac4a6c92e1, type: 3}
      propertyPath: onUnityClick.m_PersistentCalls.m_Calls.Array.data[0].m_TargetAssemblyTypeName
      value: ScenesManager, Assembly-CSharp
      objectReference: {fileID: 0}
    - target: {fileID: 1130720722122910434, guid: 4b888400c345b94408f648ac4a6c92e1, type: 3}
      propertyPath: onUnityClick.m_PersistentCalls.m_Calls.Array.data[0].m_Arguments.m_IntArgument
      value: 6
      objectReference: {fileID: 0}
    - target: {fileID: 1130720722122910434, guid: 4b888400c345b94408f648ac4a6c92e1, type: 3}
      propertyPath: onUnityClick.m_PersistentCalls.m_Calls.Array.data[0].m_Arguments.m_ObjectArgumentAssemblyTypeName
      value: UnityEngine.Object, UnityEngine
      objectReference: {fileID: 0}
    - target: {fileID: 2776057058788629649, guid: 4b888400c345b94408f648ac4a6c92e1, type: 3}
      propertyPath: m_RootOrder
      value: 7
      objectReference: {fileID: 0}
    - target: {fileID: 2776057058788629649, guid: 4b888400c345b94408f648ac4a6c92e1, type: 3}
      propertyPath: m_LocalPosition.x
      value: 5.24
      objectReference: {fileID: 0}
    - target: {fileID: 2776057058788629649, guid: 4b888400c345b94408f648ac4a6c92e1, type: 3}
      propertyPath: m_LocalPosition.y
      value: 0.07
      objectReference: {fileID: 0}
    - target: {fileID: 2776057058788629649, guid: 4b888400c345b94408f648ac4a6c92e1, type: 3}
      propertyPath: m_LocalPosition.z
      value: -0.10389423
      objectReference: {fileID: 0}
    - target: {fileID: 2776057058788629649, guid: 4b888400c345b94408f648ac4a6c92e1, type: 3}
      propertyPath: m_LocalRotation.w
      value: 0.9891314
      objectReference: {fileID: 0}
    - target: {fileID: 2776057058788629649, guid: 4b888400c345b94408f648ac4a6c92e1, type: 3}
      propertyPath: m_LocalRotation.x
      value: -0
      objectReference: {fileID: 0}
    - target: {fileID: 2776057058788629649, guid: 4b888400c345b94408f648ac4a6c92e1, type: 3}
      propertyPath: m_LocalRotation.y
      value: -0
      objectReference: {fileID: 0}
    - target: {fileID: 2776057058788629649, guid: 4b888400c345b94408f648ac4a6c92e1, type: 3}
      propertyPath: m_LocalRotation.z
      value: 0.14703448
      objectReference: {fileID: 0}
    - target: {fileID: 2776057058788629649, guid: 4b888400c345b94408f648ac4a6c92e1, type: 3}
      propertyPath: m_LocalEulerAnglesHint.x
      value: 0
      objectReference: {fileID: 0}
    - target: {fileID: 2776057058788629649, guid: 4b888400c345b94408f648ac4a6c92e1, type: 3}
      propertyPath: m_LocalEulerAnglesHint.y
      value: 0
      objectReference: {fileID: 0}
    - target: {fileID: 2776057058788629649, guid: 4b888400c345b94408f648ac4a6c92e1, type: 3}
      propertyPath: m_LocalEulerAnglesHint.z
      value: 16.91
      objectReference: {fileID: 0}
    - target: {fileID: 3740643057271322432, guid: 4b888400c345b94408f648ac4a6c92e1, type: 3}
      propertyPath: m_Sprite
      value: 
      objectReference: {fileID: 0}
    - target: {fileID: 3740643057271322432, guid: 4b888400c345b94408f648ac4a6c92e1, type: 3}
      propertyPath: m_WasSpriteAssigned
      value: 0
      objectReference: {fileID: 0}
    - target: {fileID: 3921111214257318055, guid: 4b888400c345b94408f648ac4a6c92e1, type: 3}
      propertyPath: m_Name
      value: LivingRoomDoor
      objectReference: {fileID: 0}
    - target: {fileID: 7589592065177210195, guid: 4b888400c345b94408f648ac4a6c92e1, type: 3}
      propertyPath: m_Size.x
      value: 0.24492575
      objectReference: {fileID: 0}
    - target: {fileID: 7589592065177210195, guid: 4b888400c345b94408f648ac4a6c92e1, type: 3}
      propertyPath: m_Size.y
      value: 0.75191736
      objectReference: {fileID: 0}
    - target: {fileID: 7589592065177210195, guid: 4b888400c345b94408f648ac4a6c92e1, type: 3}
      propertyPath: m_Offset.x
      value: 0.09753712
      objectReference: {fileID: 0}
    - target: {fileID: 7589592065177210195, guid: 4b888400c345b94408f648ac4a6c92e1, type: 3}
      propertyPath: m_Offset.y
      value: -0.15595871
      objectReference: {fileID: 0}
    m_RemovedComponents: []
  m_SourcePrefab: {fileID: 100100000, guid: 4b888400c345b94408f648ac4a6c92e1, type: 3}
--- !u!1 &1058350766
GameObject:
  m_ObjectHideFlags: 0
  m_CorrespondingSourceObject: {fileID: 0}
  m_PrefabInstance: {fileID: 0}
  m_PrefabAsset: {fileID: 0}
  serializedVersion: 6
  m_Component:
  - component: {fileID: 1058350768}
  - component: {fileID: 1058350767}
  m_Layer: 0
  m_Name: Directional Light
  m_TagString: Untagged
  m_Icon: {fileID: 0}
  m_NavMeshLayer: 0
  m_StaticEditorFlags: 0
  m_IsActive: 1
--- !u!108 &1058350767
Light:
  m_ObjectHideFlags: 0
  m_CorrespondingSourceObject: {fileID: 0}
  m_PrefabInstance: {fileID: 0}
  m_PrefabAsset: {fileID: 0}
  m_GameObject: {fileID: 1058350766}
  m_Enabled: 1
  serializedVersion: 10
  m_Type: 1
  m_Shape: 0
  m_Color: {r: 1, g: 0.95686275, b: 0.8392157, a: 1}
  m_Intensity: 1
  m_Range: 10
  m_SpotAngle: 30
  m_InnerSpotAngle: 21.80208
  m_CookieSize: 10
  m_Shadows:
    m_Type: 2
    m_Resolution: -1
    m_CustomResolution: -1
    m_Strength: 1
    m_Bias: 0.05
    m_NormalBias: 0.4
    m_NearPlane: 0.2
    m_CullingMatrixOverride:
      e00: 1
      e01: 0
      e02: 0
      e03: 0
      e10: 0
      e11: 1
      e12: 0
      e13: 0
      e20: 0
      e21: 0
      e22: 1
      e23: 0
      e30: 0
      e31: 0
      e32: 0
      e33: 1
    m_UseCullingMatrixOverride: 0
  m_Cookie: {fileID: 0}
  m_DrawHalo: 0
  m_Flare: {fileID: 0}
  m_RenderMode: 0
  m_CullingMask:
    serializedVersion: 2
    m_Bits: 4294967295
  m_RenderingLayerMask: 1
  m_Lightmapping: 4
  m_LightShadowCasterMode: 0
  m_AreaSize: {x: 1, y: 1}
  m_BounceIntensity: 1
  m_ColorTemperature: 6570
  m_UseColorTemperature: 0
  m_BoundingSphereOverride: {x: 0, y: 0, z: 0, w: 0}
  m_UseBoundingSphereOverride: 0
  m_UseViewFrustumForShadowCasterCull: 1
  m_ShadowRadius: 0
  m_ShadowAngle: 0
--- !u!4 &1058350768
Transform:
  m_ObjectHideFlags: 0
  m_CorrespondingSourceObject: {fileID: 0}
  m_PrefabInstance: {fileID: 0}
  m_PrefabAsset: {fileID: 0}
  m_GameObject: {fileID: 1058350766}
  m_LocalRotation: {x: 0.40821788, y: -0.23456968, z: 0.10938163, w: 0.8754261}
  m_LocalPosition: {x: 0, y: 3, z: 0}
  m_LocalScale: {x: 1, y: 1, z: 1}
  m_ConstrainProportionsScale: 0
  m_Children: []
  m_Father: {fileID: 0}
  m_RootOrder: 1
  m_LocalEulerAnglesHint: {x: 50, y: -30, z: 0}
--- !u!1 &1087608558
GameObject:
  m_ObjectHideFlags: 0
  m_CorrespondingSourceObject: {fileID: 0}
  m_PrefabInstance: {fileID: 0}
  m_PrefabAsset: {fileID: 0}
  serializedVersion: 6
  m_Component:
  - component: {fileID: 1087608559}
  - component: {fileID: 1087608562}
  - component: {fileID: 1087608561}
  - component: {fileID: 1087608560}
  m_Layer: 5
  m_Name: SkipButton
  m_TagString: Untagged
  m_Icon: {fileID: 0}
  m_NavMeshLayer: 0
  m_StaticEditorFlags: 0
  m_IsActive: 1
--- !u!224 &1087608559
RectTransform:
  m_ObjectHideFlags: 0
  m_CorrespondingSourceObject: {fileID: 0}
  m_PrefabInstance: {fileID: 0}
  m_PrefabAsset: {fileID: 0}
  m_GameObject: {fileID: 1087608558}
  m_LocalRotation: {x: 0, y: 0, z: 0, w: 1}
  m_LocalPosition: {x: 0, y: 0, z: 0}
  m_LocalScale: {x: 1, y: 1, z: 1}
  m_ConstrainProportionsScale: 0
  m_Children: []
  m_Father: {fileID: 2103333474}
  m_RootOrder: 6
  m_LocalEulerAnglesHint: {x: 0, y: 0, z: 0}
  m_AnchorMin: {x: 0.5, y: 0.5}
  m_AnchorMax: {x: 0.5, y: 0.5}
  m_AnchoredPosition: {x: 232.9, y: 127.72}
  m_SizeDelta: {x: 100, y: 100}
  m_Pivot: {x: 0.5, y: 0.5}
--- !u!114 &1087608560
MonoBehaviour:
  m_ObjectHideFlags: 0
  m_CorrespondingSourceObject: {fileID: 0}
  m_PrefabInstance: {fileID: 0}
  m_PrefabAsset: {fileID: 0}
  m_GameObject: {fileID: 1087608558}
  m_Enabled: 1
  m_EditorHideFlags: 0
  m_Script: {fileID: 11500000, guid: 4e29b1a8efbd4b44bb3f3716e73f07ff, type: 3}
  m_Name: 
  m_EditorClassIdentifier: 
  m_Navigation:
    m_Mode: 3
    m_WrapAround: 0
    m_SelectOnUp: {fileID: 0}
    m_SelectOnDown: {fileID: 0}
    m_SelectOnLeft: {fileID: 0}
    m_SelectOnRight: {fileID: 0}
  m_Transition: 1
  m_Colors:
    m_NormalColor: {r: 1, g: 1, b: 1, a: 1}
    m_HighlightedColor: {r: 0.9607843, g: 0.9607843, b: 0.9607843, a: 1}
    m_PressedColor: {r: 0.78431374, g: 0.78431374, b: 0.78431374, a: 1}
    m_SelectedColor: {r: 0.9607843, g: 0.9607843, b: 0.9607843, a: 1}
    m_DisabledColor: {r: 0.78431374, g: 0.78431374, b: 0.78431374, a: 0.5019608}
    m_ColorMultiplier: 1
    m_FadeDuration: 0.1
  m_SpriteState:
    m_HighlightedSprite: {fileID: 0}
    m_PressedSprite: {fileID: 0}
    m_SelectedSprite: {fileID: 0}
    m_DisabledSprite: {fileID: 0}
  m_AnimationTriggers:
    m_NormalTrigger: Normal
    m_HighlightedTrigger: Highlighted
    m_PressedTrigger: Pressed
    m_SelectedTrigger: Selected
    m_DisabledTrigger: Disabled
  m_Interactable: 1
  m_TargetGraphic: {fileID: 1087608561}
  m_OnClick:
    m_PersistentCalls:
      m_Calls:
      - m_Target: {fileID: 1829441640}
        m_TargetAssemblyTypeName: LockpickCombination, Assembly-CSharp
        m_MethodName: Victory
        m_Mode: 1
        m_Arguments:
          m_ObjectArgument: {fileID: 0}
          m_ObjectArgumentAssemblyTypeName: UnityEngine.Object, UnityEngine
          m_IntArgument: 0
          m_FloatArgument: 0
          m_StringArgument: 
          m_BoolArgument: 0
        m_CallState: 2
--- !u!114 &1087608561
MonoBehaviour:
  m_ObjectHideFlags: 0
  m_CorrespondingSourceObject: {fileID: 0}
  m_PrefabInstance: {fileID: 0}
  m_PrefabAsset: {fileID: 0}
  m_GameObject: {fileID: 1087608558}
  m_Enabled: 1
  m_EditorHideFlags: 0
  m_Script: {fileID: 11500000, guid: fe87c0e1cc204ed48ad3b37840f39efc, type: 3}
  m_Name: 
  m_EditorClassIdentifier: 
  m_Material: {fileID: 0}
  m_Color: {r: 1, g: 1, b: 1, a: 1}
  m_RaycastTarget: 1
  m_RaycastPadding: {x: 0, y: 0, z: 0, w: 0}
  m_Maskable: 1
  m_OnCullStateChanged:
    m_PersistentCalls:
      m_Calls: []
  m_Sprite: {fileID: 21300000, guid: 8c693dc3e72ce814cbfb5b4fc907cba2, type: 3}
  m_Type: 0
  m_PreserveAspect: 0
  m_FillCenter: 1
  m_FillMethod: 4
  m_FillAmount: 1
  m_FillClockwise: 1
  m_FillOrigin: 0
  m_UseSpriteMesh: 0
  m_PixelsPerUnitMultiplier: 1
--- !u!222 &1087608562
CanvasRenderer:
  m_ObjectHideFlags: 0
  m_CorrespondingSourceObject: {fileID: 0}
  m_PrefabInstance: {fileID: 0}
  m_PrefabAsset: {fileID: 0}
  m_GameObject: {fileID: 1087608558}
  m_CullTransparentMesh: 1
--- !u!1001 &1095697335
PrefabInstance:
  m_ObjectHideFlags: 0
  serializedVersion: 2
  m_Modification:
    m_TransformParent: {fileID: 0}
    m_Modifications:
    - target: {fileID: 70147476, guid: 11819001625b82f4297970e290d4ee74, type: 3}
      propertyPath: m_Name
      value: Restart
      objectReference: {fileID: 0}
    - target: {fileID: 70147477, guid: 11819001625b82f4297970e290d4ee74, type: 3}
      propertyPath: m_LocalScale.x
      value: 1.4154
      objectReference: {fileID: 0}
    - target: {fileID: 70147477, guid: 11819001625b82f4297970e290d4ee74, type: 3}
      propertyPath: m_LocalScale.y
      value: 1.4154
      objectReference: {fileID: 0}
    - target: {fileID: 70147477, guid: 11819001625b82f4297970e290d4ee74, type: 3}
      propertyPath: m_LocalScale.z
      value: 1.4154
      objectReference: {fileID: 0}
    - target: {fileID: 70147479, guid: 11819001625b82f4297970e290d4ee74, type: 3}
      propertyPath: m_Type
      value: 0
      objectReference: {fileID: 0}
    - target: {fileID: 70147479, guid: 11819001625b82f4297970e290d4ee74, type: 3}
      propertyPath: m_Sprite
      value: 
      objectReference: {fileID: 21300000, guid: 20dc68cbb60b9af4a858d1088dd28eee, type: 3}
    - target: {fileID: 2470180154166302232, guid: 11819001625b82f4297970e290d4ee74, type: 3}
      propertyPath: note
      value: 
      objectReference: {fileID: 1165305074}
    - target: {fileID: 2470180154166302232, guid: 11819001625b82f4297970e290d4ee74, type: 3}
      propertyPath: player
      value: 
      objectReference: {fileID: 818649421}
    - target: {fileID: 2470180154166302232, guid: 11819001625b82f4297970e290d4ee74, type: 3}
      propertyPath: topRedButton
      value: 
      objectReference: {fileID: -1773676691, guid: 7112e7a8d88a4c946a0718e053003572, type: 3}
    - target: {fileID: 2470180154166302232, guid: 11819001625b82f4297970e290d4ee74, type: 3}
      propertyPath: leftRedButton
      value: 
      objectReference: {fileID: -1402037442, guid: 7112e7a8d88a4c946a0718e053003572, type: 3}
    - target: {fileID: 2470180154166302232, guid: 11819001625b82f4297970e290d4ee74, type: 3}
      propertyPath: topGrayButton
      value: 
      objectReference: {fileID: 1055202124, guid: fd6a3f9908fd183418c7494935df8902, type: 3}
    - target: {fileID: 2470180154166302232, guid: 11819001625b82f4297970e290d4ee74, type: 3}
      propertyPath: leftGrayButton
      value: 
      objectReference: {fileID: -513787996, guid: fd6a3f9908fd183418c7494935df8902, type: 3}
    - target: {fileID: 2470180154166302232, guid: 11819001625b82f4297970e290d4ee74, type: 3}
      propertyPath: rightRedButton
      value: 
      objectReference: {fileID: -755869402, guid: 7112e7a8d88a4c946a0718e053003572, type: 3}
    - target: {fileID: 2470180154166302232, guid: 11819001625b82f4297970e290d4ee74, type: 3}
      propertyPath: bottomRedButton
      value: 
      objectReference: {fileID: -2145209899, guid: 7112e7a8d88a4c946a0718e053003572, type: 3}
    - target: {fileID: 2470180154166302232, guid: 11819001625b82f4297970e290d4ee74, type: 3}
      propertyPath: rightGrayButton
      value: 
      objectReference: {fileID: 1189109986, guid: fd6a3f9908fd183418c7494935df8902, type: 3}
    - target: {fileID: 2470180154166302232, guid: 11819001625b82f4297970e290d4ee74, type: 3}
      propertyPath: topYellowButton
      value: 
      objectReference: {fileID: 625249820, guid: fd6a3f9908fd183418c7494935df8902, type: 3}
    - target: {fileID: 2470180154166302232, guid: 11819001625b82f4297970e290d4ee74, type: 3}
      propertyPath: bottomGrayButton
      value: 
      objectReference: {fileID: 1605888890, guid: fd6a3f9908fd183418c7494935df8902, type: 3}
    - target: {fileID: 2470180154166302232, guid: 11819001625b82f4297970e290d4ee74, type: 3}
      propertyPath: leftYellowButton
      value: 
      objectReference: {fileID: 1915835054, guid: fd6a3f9908fd183418c7494935df8902, type: 3}
    - target: {fileID: 2470180154166302232, guid: 11819001625b82f4297970e290d4ee74, type: 3}
      propertyPath: rightYellowButton
      value: 
      objectReference: {fileID: 296036909, guid: fd6a3f9908fd183418c7494935df8902, type: 3}
    - target: {fileID: 2470180154166302232, guid: 11819001625b82f4297970e290d4ee74, type: 3}
      propertyPath: bottomYellowButton
      value: 
      objectReference: {fileID: -1317507517, guid: fd6a3f9908fd183418c7494935df8902, type: 3}
    - target: {fileID: 2470180154166302232, guid: 11819001625b82f4297970e290d4ee74, type: 3}
      propertyPath: wrongCombinationText
      value: 
      objectReference: {fileID: 1633860874}
    - target: {fileID: 2470180154166302232, guid: 11819001625b82f4297970e290d4ee74, type: 3}
      propertyPath: thirdCombination.Array.data[7]
      value: 2
      objectReference: {fileID: 0}
    - target: {fileID: 2470180154166302232, guid: 11819001625b82f4297970e290d4ee74, type: 3}
      propertyPath: thirdCombination.Array.data[8]
      value: 0
      objectReference: {fileID: 0}
    - target: {fileID: 2470180154166302232, guid: 11819001625b82f4297970e290d4ee74, type: 3}
      propertyPath: thirdCombination.Array.data[9]
      value: 1
      objectReference: {fileID: 0}
    - target: {fileID: 2470180154166302232, guid: 11819001625b82f4297970e290d4ee74, type: 3}
      propertyPath: thirdCombination.Array.data[10]
      value: 3
      objectReference: {fileID: 0}
    - target: {fileID: 2470180154166302233, guid: 11819001625b82f4297970e290d4ee74, type: 3}
      propertyPath: m_RootOrder
      value: 10
      objectReference: {fileID: 0}
    - target: {fileID: 2470180154166302233, guid: 11819001625b82f4297970e290d4ee74, type: 3}
      propertyPath: m_LocalPosition.x
      value: 0.4
      objectReference: {fileID: 0}
    - target: {fileID: 2470180154166302233, guid: 11819001625b82f4297970e290d4ee74, type: 3}
      propertyPath: m_LocalPosition.y
      value: -0.38
      objectReference: {fileID: 0}
    - target: {fileID: 2470180154166302233, guid: 11819001625b82f4297970e290d4ee74, type: 3}
      propertyPath: m_LocalPosition.z
      value: 0
      objectReference: {fileID: 0}
    - target: {fileID: 2470180154166302233, guid: 11819001625b82f4297970e290d4ee74, type: 3}
      propertyPath: m_LocalRotation.w
      value: 1
      objectReference: {fileID: 0}
    - target: {fileID: 2470180154166302233, guid: 11819001625b82f4297970e290d4ee74, type: 3}
      propertyPath: m_LocalRotation.x
      value: 0
      objectReference: {fileID: 0}
    - target: {fileID: 2470180154166302233, guid: 11819001625b82f4297970e290d4ee74, type: 3}
      propertyPath: m_LocalRotation.y
      value: 0
      objectReference: {fileID: 0}
    - target: {fileID: 2470180154166302233, guid: 11819001625b82f4297970e290d4ee74, type: 3}
      propertyPath: m_LocalRotation.z
      value: 0
      objectReference: {fileID: 0}
    - target: {fileID: 2470180154166302233, guid: 11819001625b82f4297970e290d4ee74, type: 3}
      propertyPath: m_LocalEulerAnglesHint.x
      value: 0
      objectReference: {fileID: 0}
    - target: {fileID: 2470180154166302233, guid: 11819001625b82f4297970e290d4ee74, type: 3}
      propertyPath: m_LocalEulerAnglesHint.y
      value: 0
      objectReference: {fileID: 0}
    - target: {fileID: 2470180154166302233, guid: 11819001625b82f4297970e290d4ee74, type: 3}
      propertyPath: m_LocalEulerAnglesHint.z
      value: 0
      objectReference: {fileID: 0}
    - target: {fileID: 2470180154166302235, guid: 11819001625b82f4297970e290d4ee74, type: 3}
      propertyPath: m_Name
      value: LockPickGame
      objectReference: {fileID: 0}
    - target: {fileID: 2470180154166302235, guid: 11819001625b82f4297970e290d4ee74, type: 3}
      propertyPath: m_IsActive
      value: 0
      objectReference: {fileID: 0}
    - target: {fileID: 2470180154287879721, guid: 11819001625b82f4297970e290d4ee74, type: 3}
      propertyPath: m_Name
      value: DownButton
      objectReference: {fileID: 0}
    - target: {fileID: 2470180154287879724, guid: 11819001625b82f4297970e290d4ee74, type: 3}
      propertyPath: m_Transition
      value: 2
      objectReference: {fileID: 0}
    - target: {fileID: 2470180154287879724, guid: 11819001625b82f4297970e290d4ee74, type: 3}
      propertyPath: m_SpriteState.m_PressedSprite
      value: 
      objectReference: {fileID: 1324792190, guid: f9865ac1f5cfd8547b567d43d93cc49f, type: 3}
    - target: {fileID: 2470180154287879725, guid: 11819001625b82f4297970e290d4ee74, type: 3}
      propertyPath: m_Type
      value: 1
      objectReference: {fileID: 0}
    - target: {fileID: 2470180154287879725, guid: 11819001625b82f4297970e290d4ee74, type: 3}
      propertyPath: m_Sprite
      value: 
      objectReference: {fileID: 1605888890, guid: fd6a3f9908fd183418c7494935df8902, type: 3}
    - target: {fileID: 2470180154287879725, guid: 11819001625b82f4297970e290d4ee74, type: 3}
      propertyPath: m_PreserveAspect
      value: 1
      objectReference: {fileID: 0}
    - target: {fileID: 2470180154287879726, guid: 11819001625b82f4297970e290d4ee74, type: 3}
      propertyPath: m_SizeDelta.x
      value: 50.65
      objectReference: {fileID: 0}
    - target: {fileID: 2470180154287879726, guid: 11819001625b82f4297970e290d4ee74, type: 3}
      propertyPath: m_AnchoredPosition.y
      value: -36.1
      objectReference: {fileID: 0}
    - target: {fileID: 2470180154339468120, guid: 11819001625b82f4297970e290d4ee74, type: 3}
      propertyPath: m_AnchoredPosition.x
      value: -12
      objectReference: {fileID: 0}
    - target: {fileID: 2470180154339468120, guid: 11819001625b82f4297970e290d4ee74, type: 3}
      propertyPath: m_AnchoredPosition.y
      value: 34
      objectReference: {fileID: 0}
    - target: {fileID: 2470180154339468120, guid: 11819001625b82f4297970e290d4ee74, type: 3}
      propertyPath: m_ConstrainProportionsScale
      value: 1
      objectReference: {fileID: 0}
    - target: {fileID: 2470180154339468123, guid: 11819001625b82f4297970e290d4ee74, type: 3}
      propertyPath: m_SortingOrder
      value: 1
      objectReference: {fileID: 0}
    - target: {fileID: 2470180154339468123, guid: 11819001625b82f4297970e290d4ee74, type: 3}
      propertyPath: m_AdditionalShaderChannelsFlag
      value: 25
      objectReference: {fileID: 0}
    - target: {fileID: 2470180154705995665, guid: 11819001625b82f4297970e290d4ee74, type: 3}
      propertyPath: m_Transition
      value: 2
      objectReference: {fileID: 0}
    - target: {fileID: 2470180154705995665, guid: 11819001625b82f4297970e290d4ee74, type: 3}
      propertyPath: m_SpriteState.m_PressedSprite
      value: 
      objectReference: {fileID: 1905578278, guid: f9865ac1f5cfd8547b567d43d93cc49f, type: 3}
    - target: {fileID: 2470180154705995666, guid: 11819001625b82f4297970e290d4ee74, type: 3}
      propertyPath: m_Name
      value: TopButton
      objectReference: {fileID: 0}
    - target: {fileID: 2470180154705995667, guid: 11819001625b82f4297970e290d4ee74, type: 3}
      propertyPath: m_SizeDelta.x
      value: 50.65
      objectReference: {fileID: 0}
    - target: {fileID: 2470180154705995667, guid: 11819001625b82f4297970e290d4ee74, type: 3}
      propertyPath: m_AnchoredPosition.y
      value: 34.5
      objectReference: {fileID: 0}
    - target: {fileID: 2470180154705995670, guid: 11819001625b82f4297970e290d4ee74, type: 3}
      propertyPath: m_Type
      value: 1
      objectReference: {fileID: 0}
    - target: {fileID: 2470180154705995670, guid: 11819001625b82f4297970e290d4ee74, type: 3}
      propertyPath: m_Sprite
      value: 
      objectReference: {fileID: 1055202124, guid: fd6a3f9908fd183418c7494935df8902, type: 3}
    - target: {fileID: 2470180154705995670, guid: 11819001625b82f4297970e290d4ee74, type: 3}
      propertyPath: m_PreserveAspect
      value: 1
      objectReference: {fileID: 0}
    - target: {fileID: 2470180154848418736, guid: 11819001625b82f4297970e290d4ee74, type: 3}
      propertyPath: m_Name
      value: LeftButton
      objectReference: {fileID: 0}
    - target: {fileID: 2470180154848418737, guid: 11819001625b82f4297970e290d4ee74, type: 3}
      propertyPath: m_SizeDelta.x
      value: 50.65
      objectReference: {fileID: 0}
    - target: {fileID: 2470180154848418737, guid: 11819001625b82f4297970e290d4ee74, type: 3}
      propertyPath: m_AnchoredPosition.x
      value: -110.4
      objectReference: {fileID: 0}
    - target: {fileID: 2470180154848418740, guid: 11819001625b82f4297970e290d4ee74, type: 3}
      propertyPath: m_Type
      value: 1
      objectReference: {fileID: 0}
    - target: {fileID: 2470180154848418740, guid: 11819001625b82f4297970e290d4ee74, type: 3}
      propertyPath: m_Sprite
      value: 
      objectReference: {fileID: -513787996, guid: fd6a3f9908fd183418c7494935df8902, type: 3}
    - target: {fileID: 2470180154848418740, guid: 11819001625b82f4297970e290d4ee74, type: 3}
      propertyPath: m_PreserveAspect
      value: 1
      objectReference: {fileID: 0}
    - target: {fileID: 2470180154848418743, guid: 11819001625b82f4297970e290d4ee74, type: 3}
      propertyPath: m_Transition
      value: 2
      objectReference: {fileID: 0}
    - target: {fileID: 2470180154848418743, guid: 11819001625b82f4297970e290d4ee74, type: 3}
      propertyPath: m_SpriteState.m_PressedSprite
      value: 
      objectReference: {fileID: -776843769, guid: f9865ac1f5cfd8547b567d43d93cc49f, type: 3}
    - target: {fileID: 2470180155220852882, guid: 11819001625b82f4297970e290d4ee74, type: 3}
      propertyPath: m_Transition
      value: 2
      objectReference: {fileID: 0}
    - target: {fileID: 2470180155220852882, guid: 11819001625b82f4297970e290d4ee74, type: 3}
      propertyPath: m_SpriteState.m_PressedSprite
      value: 
      objectReference: {fileID: 357871934, guid: f9865ac1f5cfd8547b567d43d93cc49f, type: 3}
    - target: {fileID: 2470180155220852883, guid: 11819001625b82f4297970e290d4ee74, type: 3}
      propertyPath: m_Type
      value: 1
      objectReference: {fileID: 0}
    - target: {fileID: 2470180155220852883, guid: 11819001625b82f4297970e290d4ee74, type: 3}
      propertyPath: m_Sprite
      value: 
      objectReference: {fileID: 1189109986, guid: fd6a3f9908fd183418c7494935df8902, type: 3}
    - target: {fileID: 2470180155220852883, guid: 11819001625b82f4297970e290d4ee74, type: 3}
      propertyPath: m_PreserveAspect
      value: 1
      objectReference: {fileID: 0}
    - target: {fileID: 2470180155220852908, guid: 11819001625b82f4297970e290d4ee74, type: 3}
      propertyPath: m_SizeDelta.x
      value: 50.65
      objectReference: {fileID: 0}
    - target: {fileID: 2470180155220852908, guid: 11819001625b82f4297970e290d4ee74, type: 3}
      propertyPath: m_AnchoredPosition.x
      value: 109
      objectReference: {fileID: 0}
    - target: {fileID: 2470180155220852911, guid: 11819001625b82f4297970e290d4ee74, type: 3}
      propertyPath: m_Name
      value: RightButton
      objectReference: {fileID: 0}
    m_RemovedComponents: []
  m_SourcePrefab: {fileID: 100100000, guid: 11819001625b82f4297970e290d4ee74, type: 3}
--- !u!1001 &1154414367
PrefabInstance:
  m_ObjectHideFlags: 0
  serializedVersion: 2
  m_Modification:
    m_TransformParent: {fileID: 1154852700}
    m_Modifications:
    - target: {fileID: 7356981935589379034, guid: 9e614b141768c1642ab23075497078a9, type: 3}
      propertyPath: m_IsActive
      value: 0
      objectReference: {fileID: 0}
    - target: {fileID: 7356981935589379035, guid: 9e614b141768c1642ab23075497078a9, type: 3}
      propertyPath: m_text
      value: There is something inside the box, I need to try to open it. It seems
        I just need to repeat the combination.
      objectReference: {fileID: 0}
    - target: {fileID: 7356981935682843680, guid: 9e614b141768c1642ab23075497078a9, type: 3}
      propertyPath: m_Pivot.x
      value: 0.5
      objectReference: {fileID: 0}
    - target: {fileID: 7356981935682843680, guid: 9e614b141768c1642ab23075497078a9, type: 3}
      propertyPath: m_Pivot.y
      value: 1
      objectReference: {fileID: 0}
    - target: {fileID: 7356981935682843680, guid: 9e614b141768c1642ab23075497078a9, type: 3}
      propertyPath: m_RootOrder
      value: 2
      objectReference: {fileID: 0}
    - target: {fileID: 7356981935682843680, guid: 9e614b141768c1642ab23075497078a9, type: 3}
      propertyPath: m_AnchorMax.x
      value: 1
      objectReference: {fileID: 0}
    - target: {fileID: 7356981935682843680, guid: 9e614b141768c1642ab23075497078a9, type: 3}
      propertyPath: m_AnchorMax.y
      value: 1
      objectReference: {fileID: 0}
    - target: {fileID: 7356981935682843680, guid: 9e614b141768c1642ab23075497078a9, type: 3}
      propertyPath: m_AnchorMin.x
      value: 0
      objectReference: {fileID: 0}
    - target: {fileID: 7356981935682843680, guid: 9e614b141768c1642ab23075497078a9, type: 3}
      propertyPath: m_AnchorMin.y
      value: 1
      objectReference: {fileID: 0}
    - target: {fileID: 7356981935682843680, guid: 9e614b141768c1642ab23075497078a9, type: 3}
      propertyPath: m_SizeDelta.x
      value: 0
      objectReference: {fileID: 0}
    - target: {fileID: 7356981935682843680, guid: 9e614b141768c1642ab23075497078a9, type: 3}
      propertyPath: m_SizeDelta.y
      value: 200
      objectReference: {fileID: 0}
    - target: {fileID: 7356981935682843680, guid: 9e614b141768c1642ab23075497078a9, type: 3}
      propertyPath: m_LocalScale.x
      value: 0.8
      objectReference: {fileID: 0}
    - target: {fileID: 7356981935682843680, guid: 9e614b141768c1642ab23075497078a9, type: 3}
      propertyPath: m_LocalScale.y
      value: 0.8
      objectReference: {fileID: 0}
    - target: {fileID: 7356981935682843680, guid: 9e614b141768c1642ab23075497078a9, type: 3}
      propertyPath: m_LocalScale.z
      value: 0.79999995
      objectReference: {fileID: 0}
    - target: {fileID: 7356981935682843680, guid: 9e614b141768c1642ab23075497078a9, type: 3}
      propertyPath: m_LocalPosition.x
      value: 0
      objectReference: {fileID: 0}
    - target: {fileID: 7356981935682843680, guid: 9e614b141768c1642ab23075497078a9, type: 3}
      propertyPath: m_LocalPosition.y
      value: 0
      objectReference: {fileID: 0}
    - target: {fileID: 7356981935682843680, guid: 9e614b141768c1642ab23075497078a9, type: 3}
      propertyPath: m_LocalPosition.z
      value: 0
      objectReference: {fileID: 0}
    - target: {fileID: 7356981935682843680, guid: 9e614b141768c1642ab23075497078a9, type: 3}
      propertyPath: m_LocalRotation.w
      value: 1
      objectReference: {fileID: 0}
    - target: {fileID: 7356981935682843680, guid: 9e614b141768c1642ab23075497078a9, type: 3}
      propertyPath: m_LocalRotation.x
      value: -0
      objectReference: {fileID: 0}
    - target: {fileID: 7356981935682843680, guid: 9e614b141768c1642ab23075497078a9, type: 3}
      propertyPath: m_LocalRotation.y
      value: -0
      objectReference: {fileID: 0}
    - target: {fileID: 7356981935682843680, guid: 9e614b141768c1642ab23075497078a9, type: 3}
      propertyPath: m_LocalRotation.z
      value: -0
      objectReference: {fileID: 0}
    - target: {fileID: 7356981935682843680, guid: 9e614b141768c1642ab23075497078a9, type: 3}
      propertyPath: m_AnchoredPosition.x
      value: 0
      objectReference: {fileID: 0}
    - target: {fileID: 7356981935682843680, guid: 9e614b141768c1642ab23075497078a9, type: 3}
      propertyPath: m_AnchoredPosition.y
      value: 0
      objectReference: {fileID: 0}
    - target: {fileID: 7356981935682843680, guid: 9e614b141768c1642ab23075497078a9, type: 3}
      propertyPath: m_LocalEulerAnglesHint.x
      value: 0
      objectReference: {fileID: 0}
    - target: {fileID: 7356981935682843680, guid: 9e614b141768c1642ab23075497078a9, type: 3}
      propertyPath: m_LocalEulerAnglesHint.y
      value: 0
      objectReference: {fileID: 0}
    - target: {fileID: 7356981935682843680, guid: 9e614b141768c1642ab23075497078a9, type: 3}
      propertyPath: m_LocalEulerAnglesHint.z
      value: 0
      objectReference: {fileID: 0}
    - target: {fileID: 7356981935682843683, guid: 9e614b141768c1642ab23075497078a9, type: 3}
      propertyPath: m_Name
      value: TextCanvas
      objectReference: {fileID: 0}
    m_RemovedComponents: []
  m_SourcePrefab: {fileID: 100100000, guid: 9e614b141768c1642ab23075497078a9, type: 3}
--- !u!224 &1154852700 stripped
RectTransform:
  m_CorrespondingSourceObject: {fileID: 5259620241432974079, guid: e9b513609dcb2324dac2c910199bde53, type: 3}
  m_PrefabInstance: {fileID: 1575167679}
  m_PrefabAsset: {fileID: 0}
--- !u!1 &1165305069
GameObject:
  m_ObjectHideFlags: 0
  m_CorrespondingSourceObject: {fileID: 0}
  m_PrefabInstance: {fileID: 0}
  m_PrefabAsset: {fileID: 0}
  serializedVersion: 6
  m_Component:
  - component: {fileID: 1165305072}
  - component: {fileID: 1165305071}
  - component: {fileID: 1165305070}
  - component: {fileID: 1165305074}
  - component: {fileID: 1165305073}
  m_Layer: 0
  m_Name: Note Red
  m_TagString: Untagged
  m_Icon: {fileID: 0}
  m_NavMeshLayer: 0
  m_StaticEditorFlags: 0
  m_IsActive: 0
--- !u!61 &1165305070
BoxCollider2D:
  m_ObjectHideFlags: 0
  m_CorrespondingSourceObject: {fileID: 0}
  m_PrefabInstance: {fileID: 0}
  m_PrefabAsset: {fileID: 0}
  m_GameObject: {fileID: 1165305069}
  m_Enabled: 1
  m_Density: 1
  m_Material: {fileID: 0}
  m_IsTrigger: 1
  m_UsedByEffector: 0
  m_UsedByComposite: 0
  m_Offset: {x: -0.8274648, y: -0.11992228}
  m_SpriteTilingProperty:
    border: {x: 0, y: 0, z: 0, w: 0}
    pivot: {x: 0.5, y: 0.5}
    oldSize: {x: 10.24, y: 10.24}
    newSize: {x: 10.24, y: 10.24}
    adaptiveTilingThreshold: 0.5
    drawMode: 0
    adaptiveTiling: 0
  m_AutoTiling: 0
  serializedVersion: 2
  m_Size: {x: 2.9247308, y: 4.2438774}
  m_EdgeRadius: 0
--- !u!212 &1165305071
SpriteRenderer:
  m_ObjectHideFlags: 0
  m_CorrespondingSourceObject: {fileID: 0}
  m_PrefabInstance: {fileID: 0}
  m_PrefabAsset: {fileID: 0}
  m_GameObject: {fileID: 1165305069}
  m_Enabled: 1
  m_CastShadows: 0
  m_ReceiveShadows: 0
  m_DynamicOccludee: 1
  m_StaticShadowCaster: 0
  m_MotionVectors: 1
  m_LightProbeUsage: 1
  m_ReflectionProbeUsage: 1
  m_RayTracingMode: 0
  m_RayTraceProcedural: 0
  m_RenderingLayerMask: 1
  m_RendererPriority: 0
  m_Materials:
  - {fileID: 10754, guid: 0000000000000000f000000000000000, type: 0}
  m_StaticBatchInfo:
    firstSubMesh: 0
    subMeshCount: 0
  m_StaticBatchRoot: {fileID: 0}
  m_ProbeAnchor: {fileID: 0}
  m_LightProbeVolumeOverride: {fileID: 0}
  m_ScaleInLightmap: 1
  m_ReceiveGI: 1
  m_PreserveUVs: 0
  m_IgnoreNormalsForChartDetection: 0
  m_ImportantGI: 0
  m_StitchLightmapSeams: 1
  m_SelectedEditorRenderState: 0
  m_MinimumChartSize: 4
  m_AutoUVMaxDistance: 0.5
  m_AutoUVMaxAngle: 89
  m_LightmapParameters: {fileID: 0}
  m_SortingLayerID: 0
  m_SortingLayer: 0
  m_SortingOrder: 1
  m_Sprite: {fileID: 21300000, guid: 77b258c4b8679bd409b6f8cb3cb804d5, type: 3}
  m_Color: {r: 1, g: 1, b: 1, a: 1}
  m_FlipX: 0
  m_FlipY: 0
  m_DrawMode: 0
  m_Size: {x: 10.24, y: 10.24}
  m_AdaptiveModeThreshold: 0.5
  m_SpriteTileMode: 0
  m_WasSpriteAssigned: 1
  m_MaskInteraction: 0
  m_SpriteSortPoint: 0
--- !u!4 &1165305072
Transform:
  m_ObjectHideFlags: 0
  m_CorrespondingSourceObject: {fileID: 0}
  m_PrefabInstance: {fileID: 0}
  m_PrefabAsset: {fileID: 0}
  m_GameObject: {fileID: 1165305069}
  m_LocalRotation: {x: 0, y: 0, z: 0, w: 1}
  m_LocalPosition: {x: -1.47, y: -0.94, z: 0}
  m_LocalScale: {x: 0.22, y: 0.22, z: 0.22}
  m_ConstrainProportionsScale: 1
  m_Children: []
  m_Father: {fileID: 0}
  m_RootOrder: 11
  m_LocalEulerAnglesHint: {x: 0, y: 0, z: 0}
--- !u!114 &1165305073
MonoBehaviour:
  m_ObjectHideFlags: 0
  m_CorrespondingSourceObject: {fileID: 0}
  m_PrefabInstance: {fileID: 0}
  m_PrefabAsset: {fileID: 0}
  m_GameObject: {fileID: 1165305069}
  m_Enabled: 1
  m_EditorHideFlags: 0
  m_Script: {fileID: 11500000, guid: b463bd410c9b0d2478a30fc24d12ad1f, type: 3}
  m_Name: 
  m_EditorClassIdentifier: 
  onUnityClick:
    m_PersistentCalls:
      m_Calls:
      - m_Target: {fileID: 1165305074}
        m_TargetAssemblyTypeName: Note, Assembly-CSharp
        m_MethodName: ConfirmNote
        m_Mode: 1
        m_Arguments:
          m_ObjectArgument: {fileID: 0}
          m_ObjectArgumentAssemblyTypeName: UnityEngine.Object, UnityEngine
          m_IntArgument: 0
          m_FloatArgument: 0
          m_StringArgument: 
          m_BoolArgument: 0
        m_CallState: 2
--- !u!114 &1165305074
MonoBehaviour:
  m_ObjectHideFlags: 0
  m_CorrespondingSourceObject: {fileID: 0}
  m_PrefabInstance: {fileID: 0}
  m_PrefabAsset: {fileID: 0}
  m_GameObject: {fileID: 1165305069}
  m_Enabled: 1
  m_EditorHideFlags: 0
  m_Script: {fileID: 11500000, guid: 3d333b20c2bcc034e957eb66a7dd4a12, type: 3}
  m_Name: 
  m_EditorClassIdentifier: 
  index: 0
--- !u!1 &1204391657 stripped
GameObject:
  m_CorrespondingSourceObject: {fileID: 7356981935589379034, guid: 9e614b141768c1642ab23075497078a9, type: 3}
  m_PrefabInstance: {fileID: 1154414367}
  m_PrefabAsset: {fileID: 0}
--- !u!1001 &1463104776
PrefabInstance:
  m_ObjectHideFlags: 0
  serializedVersion: 2
  m_Modification:
    m_TransformParent: {fileID: 0}
    m_Modifications:
    - target: {fileID: 1130720722122910434, guid: 4b888400c345b94408f648ac4a6c92e1, type: 3}
      propertyPath: onUnityClick.m_PersistentCalls.m_Calls.Array.size
      value: 1
      objectReference: {fileID: 0}
    - target: {fileID: 1130720722122910434, guid: 4b888400c345b94408f648ac4a6c92e1, type: 3}
      propertyPath: onUnityClick.m_PersistentCalls.m_Calls.Array.data[0].m_Mode
      value: 1
      objectReference: {fileID: 0}
    - target: {fileID: 1130720722122910434, guid: 4b888400c345b94408f648ac4a6c92e1, type: 3}
      propertyPath: onUnityClick.m_PersistentCalls.m_Calls.Array.data[0].m_Target
      value: 
      objectReference: {fileID: 1829441640}
    - target: {fileID: 1130720722122910434, guid: 4b888400c345b94408f648ac4a6c92e1, type: 3}
      propertyPath: onUnityClick.m_PersistentCalls.m_Calls.Array.data[0].m_CallState
      value: 2
      objectReference: {fileID: 0}
    - target: {fileID: 1130720722122910434, guid: 4b888400c345b94408f648ac4a6c92e1, type: 3}
      propertyPath: onUnityClick.m_PersistentCalls.m_Calls.Array.data[0].m_MethodName
      value: StarGame
      objectReference: {fileID: 0}
    - target: {fileID: 1130720722122910434, guid: 4b888400c345b94408f648ac4a6c92e1, type: 3}
      propertyPath: onUnityClick.m_PersistentCalls.m_Calls.Array.data[0].m_TargetAssemblyTypeName
      value: LockpickCombination, Assembly-CSharp
      objectReference: {fileID: 0}
    - target: {fileID: 1130720722122910434, guid: 4b888400c345b94408f648ac4a6c92e1, type: 3}
      propertyPath: onUnityClick.m_PersistentCalls.m_Calls.Array.data[0].m_Arguments.m_BoolArgument
      value: 0
      objectReference: {fileID: 0}
    - target: {fileID: 1130720722122910434, guid: 4b888400c345b94408f648ac4a6c92e1, type: 3}
      propertyPath: onUnityClick.m_PersistentCalls.m_Calls.Array.data[0].m_Arguments.m_ObjectArgumentAssemblyTypeName
      value: UnityEngine.Object, UnityEngine
      objectReference: {fileID: 0}
    - target: {fileID: 2776057058788629649, guid: 4b888400c345b94408f648ac4a6c92e1, type: 3}
      propertyPath: m_RootOrder
      value: 8
      objectReference: {fileID: 0}
    - target: {fileID: 2776057058788629649, guid: 4b888400c345b94408f648ac4a6c92e1, type: 3}
      propertyPath: m_LocalPosition.x
      value: -4.97
      objectReference: {fileID: 0}
    - target: {fileID: 2776057058788629649, guid: 4b888400c345b94408f648ac4a6c92e1, type: 3}
      propertyPath: m_LocalPosition.y
      value: -3.03
      objectReference: {fileID: 0}
    - target: {fileID: 2776057058788629649, guid: 4b888400c345b94408f648ac4a6c92e1, type: 3}
      propertyPath: m_LocalPosition.z
      value: -0.10389423
      objectReference: {fileID: 0}
    - target: {fileID: 2776057058788629649, guid: 4b888400c345b94408f648ac4a6c92e1, type: 3}
      propertyPath: m_LocalRotation.w
      value: 1
      objectReference: {fileID: 0}
    - target: {fileID: 2776057058788629649, guid: 4b888400c345b94408f648ac4a6c92e1, type: 3}
      propertyPath: m_LocalRotation.x
      value: -0
      objectReference: {fileID: 0}
    - target: {fileID: 2776057058788629649, guid: 4b888400c345b94408f648ac4a6c92e1, type: 3}
      propertyPath: m_LocalRotation.y
      value: -0
      objectReference: {fileID: 0}
    - target: {fileID: 2776057058788629649, guid: 4b888400c345b94408f648ac4a6c92e1, type: 3}
      propertyPath: m_LocalRotation.z
      value: -0
      objectReference: {fileID: 0}
    - target: {fileID: 2776057058788629649, guid: 4b888400c345b94408f648ac4a6c92e1, type: 3}
      propertyPath: m_LocalEulerAnglesHint.x
      value: 0
      objectReference: {fileID: 0}
    - target: {fileID: 2776057058788629649, guid: 4b888400c345b94408f648ac4a6c92e1, type: 3}
      propertyPath: m_LocalEulerAnglesHint.y
      value: 0
      objectReference: {fileID: 0}
    - target: {fileID: 2776057058788629649, guid: 4b888400c345b94408f648ac4a6c92e1, type: 3}
      propertyPath: m_LocalEulerAnglesHint.z
      value: 0
      objectReference: {fileID: 0}
    - target: {fileID: 3740643057271322432, guid: 4b888400c345b94408f648ac4a6c92e1, type: 3}
      propertyPath: m_Sprite
      value: 
      objectReference: {fileID: 0}
    - target: {fileID: 3740643057271322432, guid: 4b888400c345b94408f648ac4a6c92e1, type: 3}
      propertyPath: m_WasSpriteAssigned
      value: 0
      objectReference: {fileID: 0}
    - target: {fileID: 3921111214257318055, guid: 4b888400c345b94408f648ac4a6c92e1, type: 3}
      propertyPath: m_Name
      value: CorridorMiniGame
      objectReference: {fileID: 0}
    - target: {fileID: 3921111214257318055, guid: 4b888400c345b94408f648ac4a6c92e1, type: 3}
      propertyPath: m_IsActive
      value: 1
      objectReference: {fileID: 0}
    - target: {fileID: 7589592065177210195, guid: 4b888400c345b94408f648ac4a6c92e1, type: 3}
      propertyPath: m_Size.x
      value: 0.33841932
      objectReference: {fileID: 0}
    - target: {fileID: 7589592065177210195, guid: 4b888400c345b94408f648ac4a6c92e1, type: 3}
      propertyPath: m_Size.y
      value: 0.7204864
      objectReference: {fileID: 0}
    - target: {fileID: 7589592065177210195, guid: 4b888400c345b94408f648ac4a6c92e1, type: 3}
      propertyPath: m_Offset.x
      value: -0.050790336
      objectReference: {fileID: 0}
    - target: {fileID: 7589592065177210195, guid: 4b888400c345b94408f648ac4a6c92e1, type: 3}
      propertyPath: m_Offset.y
      value: 0.14024323
      objectReference: {fileID: 0}
    m_RemovedComponents: []
  m_SourcePrefab: {fileID: 100100000, guid: 4b888400c345b94408f648ac4a6c92e1, type: 3}
--- !u!1 &1463104777 stripped
GameObject:
  m_CorrespondingSourceObject: {fileID: 3921111214257318055, guid: 4b888400c345b94408f648ac4a6c92e1, type: 3}
  m_PrefabInstance: {fileID: 1463104776}
  m_PrefabAsset: {fileID: 0}
--- !u!114 &1463104778
MonoBehaviour:
  m_ObjectHideFlags: 0
  m_CorrespondingSourceObject: {fileID: 0}
  m_PrefabInstance: {fileID: 0}
  m_PrefabAsset: {fileID: 0}
  m_GameObject: {fileID: 1463104777}
  m_Enabled: 1
  m_EditorHideFlags: 0
  m_Script: {fileID: 11500000, guid: 78eea6584c619bc40a6937bfa3d2e508, type: 3}
  m_Name: 
  m_EditorClassIdentifier: 
  gamePurpose: {fileID: 1204391657}
--- !u!1001 &1575167679
PrefabInstance:
  m_ObjectHideFlags: 0
  serializedVersion: 2
  m_Modification:
    m_TransformParent: {fileID: 0}
    m_Modifications:
    - target: {fileID: 4803819336933589492, guid: e9b513609dcb2324dac2c910199bde53, type: 3}
      propertyPath: m_text
      value: There is something inside the box, I need to try to open it. It seems
        I just need to repeat the combination.
      objectReference: {fileID: 0}
    - target: {fileID: 5259620241111863457, guid: e9b513609dcb2324dac2c910199bde53, type: 3}
      propertyPath: m_Name
      value: Player
      objectReference: {fileID: 0}
    - target: {fileID: 5259620241111863468, guid: e9b513609dcb2324dac2c910199bde53, type: 3}
      propertyPath: m_RootOrder
      value: 2
      objectReference: {fileID: 0}
    - target: {fileID: 5259620241111863468, guid: e9b513609dcb2324dac2c910199bde53, type: 3}
      propertyPath: m_LocalPosition.x
      value: 0
      objectReference: {fileID: 0}
    - target: {fileID: 5259620241111863468, guid: e9b513609dcb2324dac2c910199bde53, type: 3}
      propertyPath: m_LocalPosition.y
      value: 0.32
      objectReference: {fileID: 0}
    - target: {fileID: 5259620241111863468, guid: e9b513609dcb2324dac2c910199bde53, type: 3}
      propertyPath: m_LocalPosition.z
      value: 0
      objectReference: {fileID: 0}
    - target: {fileID: 5259620241111863468, guid: e9b513609dcb2324dac2c910199bde53, type: 3}
      propertyPath: m_LocalRotation.w
      value: 1
      objectReference: {fileID: 0}
    - target: {fileID: 5259620241111863468, guid: e9b513609dcb2324dac2c910199bde53, type: 3}
      propertyPath: m_LocalRotation.x
      value: -0
      objectReference: {fileID: 0}
    - target: {fileID: 5259620241111863468, guid: e9b513609dcb2324dac2c910199bde53, type: 3}
      propertyPath: m_LocalRotation.y
      value: -0
      objectReference: {fileID: 0}
    - target: {fileID: 5259620241111863468, guid: e9b513609dcb2324dac2c910199bde53, type: 3}
      propertyPath: m_LocalRotation.z
      value: -0
      objectReference: {fileID: 0}
    - target: {fileID: 5259620241111863468, guid: e9b513609dcb2324dac2c910199bde53, type: 3}
      propertyPath: m_LocalEulerAnglesHint.x
      value: 0
      objectReference: {fileID: 0}
    - target: {fileID: 5259620241111863468, guid: e9b513609dcb2324dac2c910199bde53, type: 3}
      propertyPath: m_LocalEulerAnglesHint.y
      value: 0
      objectReference: {fileID: 0}
    - target: {fileID: 5259620241111863468, guid: e9b513609dcb2324dac2c910199bde53, type: 3}
      propertyPath: m_LocalEulerAnglesHint.z
      value: 0
      objectReference: {fileID: 0}
    - target: {fileID: 5259620241111863470, guid: e9b513609dcb2324dac2c910199bde53, type: 3}
      propertyPath: m_Size.x
      value: 0.96122515
      objectReference: {fileID: 0}
    - target: {fileID: 5259620241111863470, guid: e9b513609dcb2324dac2c910199bde53, type: 3}
      propertyPath: m_Size.y
      value: 1.2634275
      objectReference: {fileID: 0}
    - target: {fileID: 5259620241111863470, guid: e9b513609dcb2324dac2c910199bde53, type: 3}
      propertyPath: m_Offset.x
      value: -0.0054064393
      objectReference: {fileID: 0}
    - target: {fileID: 5259620241111863470, guid: e9b513609dcb2324dac2c910199bde53, type: 3}
      propertyPath: m_Offset.y
      value: -0.75143635
      objectReference: {fileID: 0}
    - target: {fileID: 6748875453420597441, guid: e9b513609dcb2324dac2c910199bde53, type: 3}
      propertyPath: m_IsActive
      value: 0
      objectReference: {fileID: 0}
    m_RemovedComponents: []
  m_SourcePrefab: {fileID: 100100000, guid: e9b513609dcb2324dac2c910199bde53, type: 3}
--- !u!1001 &1605411872
PrefabInstance:
  m_ObjectHideFlags: 0
  serializedVersion: 2
  m_Modification:
    m_TransformParent: {fileID: 0}
    m_Modifications:
    - target: {fileID: 1130720722122910434, guid: 4b888400c345b94408f648ac4a6c92e1, type: 3}
      propertyPath: onUnityClick.m_PersistentCalls.m_Calls.Array.size
      value: 1
      objectReference: {fileID: 0}
    - target: {fileID: 1130720722122910434, guid: 4b888400c345b94408f648ac4a6c92e1, type: 3}
      propertyPath: onUnityClick.m_PersistentCalls.m_Calls.Array.data[0].m_Mode
      value: 3
      objectReference: {fileID: 0}
    - target: {fileID: 1130720722122910434, guid: 4b888400c345b94408f648ac4a6c92e1, type: 3}
      propertyPath: onUnityClick.m_PersistentCalls.m_Calls.Array.data[0].m_Target
      value: 
      objectReference: {fileID: 1750230468}
    - target: {fileID: 1130720722122910434, guid: 4b888400c345b94408f648ac4a6c92e1, type: 3}
      propertyPath: onUnityClick.m_PersistentCalls.m_Calls.Array.data[0].m_CallState
      value: 2
      objectReference: {fileID: 0}
    - target: {fileID: 1130720722122910434, guid: 4b888400c345b94408f648ac4a6c92e1, type: 3}
      propertyPath: onUnityClick.m_PersistentCalls.m_Calls.Array.data[0].m_MethodName
      value: GoToScene
      objectReference: {fileID: 0}
    - target: {fileID: 1130720722122910434, guid: 4b888400c345b94408f648ac4a6c92e1, type: 3}
      propertyPath: onUnityClick.m_PersistentCalls.m_Calls.Array.data[0].m_TargetAssemblyTypeName
      value: ScenesManager, Assembly-CSharp
      objectReference: {fileID: 0}
    - target: {fileID: 1130720722122910434, guid: 4b888400c345b94408f648ac4a6c92e1, type: 3}
      propertyPath: onUnityClick.m_PersistentCalls.m_Calls.Array.data[0].m_Arguments.m_IntArgument
      value: 4
      objectReference: {fileID: 0}
    - target: {fileID: 1130720722122910434, guid: 4b888400c345b94408f648ac4a6c92e1, type: 3}
      propertyPath: onUnityClick.m_PersistentCalls.m_Calls.Array.data[0].m_Arguments.m_ObjectArgumentAssemblyTypeName
      value: UnityEngine.Object, UnityEngine
      objectReference: {fileID: 0}
    - target: {fileID: 2776057058788629649, guid: 4b888400c345b94408f648ac4a6c92e1, type: 3}
      propertyPath: m_RootOrder
      value: 5
      objectReference: {fileID: 0}
    - target: {fileID: 2776057058788629649, guid: 4b888400c345b94408f648ac4a6c92e1, type: 3}
      propertyPath: m_LocalPosition.x
      value: -0.05
      objectReference: {fileID: 0}
    - target: {fileID: 2776057058788629649, guid: 4b888400c345b94408f648ac4a6c92e1, type: 3}
      propertyPath: m_LocalPosition.y
      value: -3
      objectReference: {fileID: 0}
    - target: {fileID: 2776057058788629649, guid: 4b888400c345b94408f648ac4a6c92e1, type: 3}
      propertyPath: m_LocalPosition.z
      value: -0.10389423
      objectReference: {fileID: 0}
    - target: {fileID: 2776057058788629649, guid: 4b888400c345b94408f648ac4a6c92e1, type: 3}
      propertyPath: m_LocalRotation.w
      value: 1
      objectReference: {fileID: 0}
    - target: {fileID: 2776057058788629649, guid: 4b888400c345b94408f648ac4a6c92e1, type: 3}
      propertyPath: m_LocalRotation.x
      value: -0
      objectReference: {fileID: 0}
    - target: {fileID: 2776057058788629649, guid: 4b888400c345b94408f648ac4a6c92e1, type: 3}
      propertyPath: m_LocalRotation.y
      value: -0
      objectReference: {fileID: 0}
    - target: {fileID: 2776057058788629649, guid: 4b888400c345b94408f648ac4a6c92e1, type: 3}
      propertyPath: m_LocalRotation.z
      value: -0
      objectReference: {fileID: 0}
    - target: {fileID: 2776057058788629649, guid: 4b888400c345b94408f648ac4a6c92e1, type: 3}
      propertyPath: m_LocalEulerAnglesHint.x
      value: 0
      objectReference: {fileID: 0}
    - target: {fileID: 2776057058788629649, guid: 4b888400c345b94408f648ac4a6c92e1, type: 3}
      propertyPath: m_LocalEulerAnglesHint.y
      value: 0
      objectReference: {fileID: 0}
    - target: {fileID: 2776057058788629649, guid: 4b888400c345b94408f648ac4a6c92e1, type: 3}
      propertyPath: m_LocalEulerAnglesHint.z
      value: 0
      objectReference: {fileID: 0}
    - target: {fileID: 3740643057271322432, guid: 4b888400c345b94408f648ac4a6c92e1, type: 3}
      propertyPath: m_Sprite
      value: 
      objectReference: {fileID: 0}
    - target: {fileID: 3740643057271322432, guid: 4b888400c345b94408f648ac4a6c92e1, type: 3}
      propertyPath: m_WasSpriteAssigned
      value: 0
      objectReference: {fileID: 0}
    - target: {fileID: 3921111214257318055, guid: 4b888400c345b94408f648ac4a6c92e1, type: 3}
      propertyPath: m_Name
      value: LabyrinthDoor
      objectReference: {fileID: 0}
    - target: {fileID: 7589592065177210195, guid: 4b888400c345b94408f648ac4a6c92e1, type: 3}
      propertyPath: m_Size.x
      value: 0.7990768
      objectReference: {fileID: 0}
    - target: {fileID: 7589592065177210195, guid: 4b888400c345b94408f648ac4a6c92e1, type: 3}
      propertyPath: m_Size.y
      value: 0.19661383
      objectReference: {fileID: 0}
    - target: {fileID: 7589592065177210195, guid: 4b888400c345b94408f648ac4a6c92e1, type: 3}
      propertyPath: m_Offset.x
      value: -0.0021824837
      objectReference: {fileID: 0}
    - target: {fileID: 7589592065177210195, guid: 4b888400c345b94408f648ac4a6c92e1, type: 3}
      propertyPath: m_Offset.y
      value: -0.20860049
      objectReference: {fileID: 0}
    m_RemovedComponents: []
  m_SourcePrefab: {fileID: 100100000, guid: 4b888400c345b94408f648ac4a6c92e1, type: 3}
--- !u!1 &1633860874
GameObject:
  m_ObjectHideFlags: 0
  m_CorrespondingSourceObject: {fileID: 0}
  m_PrefabInstance: {fileID: 0}
  m_PrefabAsset: {fileID: 0}
  serializedVersion: 6
  m_Component:
  - component: {fileID: 1633860875}
  - component: {fileID: 1633860877}
  - component: {fileID: 1633860876}
  m_Layer: 5
  m_Name: TryAgainText
  m_TagString: Untagged
  m_Icon: {fileID: 0}
  m_NavMeshLayer: 0
  m_StaticEditorFlags: 0
  m_IsActive: 0
--- !u!224 &1633860875
RectTransform:
  m_ObjectHideFlags: 0
  m_CorrespondingSourceObject: {fileID: 0}
  m_PrefabInstance: {fileID: 0}
  m_PrefabAsset: {fileID: 0}
  m_GameObject: {fileID: 1633860874}
  m_LocalRotation: {x: 0, y: 0, z: 0, w: 1}
  m_LocalPosition: {x: 0, y: 0, z: 0}
  m_LocalScale: {x: 1, y: 1, z: 1}
  m_ConstrainProportionsScale: 0
  m_Children: []
  m_Father: {fileID: 2103333474}
  m_RootOrder: 5
  m_LocalEulerAnglesHint: {x: 0, y: 0, z: 0}
  m_AnchorMin: {x: 0.5, y: 0.5}
  m_AnchorMax: {x: 0.5, y: 0.5}
  m_AnchoredPosition: {x: 23.5, y: -9.3}
  m_SizeDelta: {x: 200, y: 50}
  m_Pivot: {x: 0.5, y: 0.5}
--- !u!114 &1633860876
MonoBehaviour:
  m_ObjectHideFlags: 0
  m_CorrespondingSourceObject: {fileID: 0}
  m_PrefabInstance: {fileID: 0}
  m_PrefabAsset: {fileID: 0}
  m_GameObject: {fileID: 1633860874}
  m_Enabled: 1
  m_EditorHideFlags: 0
  m_Script: {fileID: 11500000, guid: f4688fdb7df04437aeb418b961361dc5, type: 3}
  m_Name: 
  m_EditorClassIdentifier: 
  m_Material: {fileID: 0}
  m_Color: {r: 1, g: 1, b: 1, a: 1}
  m_RaycastTarget: 1
  m_RaycastPadding: {x: 0, y: 0, z: 0, w: 0}
  m_Maskable: 1
  m_OnCullStateChanged:
    m_PersistentCalls:
      m_Calls: []
  m_text: '  Wrong

    Combination

'
  m_isRightToLeft: 0
  m_fontAsset: {fileID: 11400000, guid: 413540f6fc299fd419245fcecc07eda9, type: 2}
  m_sharedMaterial: {fileID: -1400053230462639891, guid: 413540f6fc299fd419245fcecc07eda9, type: 2}
  m_fontSharedMaterials: []
  m_fontMaterial: {fileID: 0}
  m_fontMaterials: []
  m_fontColor32:
    serializedVersion: 2
    rgba: 4279045631
  m_fontColor: {r: 1, g: 0.051886797, b: 0.051886797, a: 1}
  m_enableVertexGradient: 0
  m_colorMode: 3
  m_fontColorGradient:
    topLeft: {r: 1, g: 1, b: 1, a: 1}
    topRight: {r: 1, g: 1, b: 1, a: 1}
    bottomLeft: {r: 1, g: 1, b: 1, a: 1}
    bottomRight: {r: 1, g: 1, b: 1, a: 1}
  m_fontColorGradientPreset: {fileID: 0}
  m_spriteAsset: {fileID: 0}
  m_tintAllSprites: 0
  m_StyleSheet: {fileID: 0}
  m_TextStyleHashCode: -1183493901
  m_overrideHtmlColors: 0
  m_faceColor:
    serializedVersion: 2
    rgba: 4294967295
  m_fontSize: 14
  m_fontSizeBase: 14
  m_fontWeight: 400
  m_enableAutoSizing: 0
  m_fontSizeMin: 18
  m_fontSizeMax: 72
  m_fontStyle: 0
  m_HorizontalAlignment: 1
  m_VerticalAlignment: 256
  m_textAlignment: 65535
  m_characterSpacing: 0
  m_wordSpacing: 0
  m_lineSpacing: 0
  m_lineSpacingMax: 0
  m_paragraphSpacing: 0
  m_charWidthMaxAdj: 0
  m_enableWordWrapping: 1
  m_wordWrappingRatios: 0.4
  m_overflowMode: 0
  m_linkedTextComponent: {fileID: 0}
  parentLinkedComponent: {fileID: 0}
  m_enableKerning: 1
  m_enableExtraPadding: 0
  checkPaddingRequired: 0
  m_isRichText: 1
  m_parseCtrlCharacters: 1
  m_isOrthographic: 1
  m_isCullingEnabled: 0
  m_horizontalMapping: 0
  m_verticalMapping: 0
  m_uvLineOffset: 0
  m_geometrySortingOrder: 0
  m_IsTextObjectScaleStatic: 0
  m_VertexBufferAutoSizeReduction: 0
  m_useMaxVisibleDescender: 1
  m_pageToDisplay: 1
  m_margin: {x: 0, y: 0, z: 0, w: 0}
  m_isUsingLegacyAnimationComponent: 0
  m_isVolumetricText: 0
  m_hasFontAssetChanged: 0
  m_baseMaterial: {fileID: 0}
  m_maskOffset: {x: 0, y: 0, z: 0, w: 0}
--- !u!222 &1633860877
CanvasRenderer:
  m_ObjectHideFlags: 0
  m_CorrespondingSourceObject: {fileID: 0}
  m_PrefabInstance: {fileID: 0}
  m_PrefabAsset: {fileID: 0}
  m_GameObject: {fileID: 1633860874}
  m_CullTransparentMesh: 1
--- !u!114 &1750230468 stripped
MonoBehaviour:
  m_CorrespondingSourceObject: {fileID: 7265687314266721244, guid: 0398ddcc1c6970740a471190cb7a22d5, type: 3}
  m_PrefabInstance: {fileID: 72405041}
  m_PrefabAsset: {fileID: 0}
  m_GameObject: {fileID: 0}
  m_Enabled: 1
  m_EditorHideFlags: 0
  m_Script: {fileID: 11500000, guid: 04996850fbce87648b7095e79b47073f, type: 3}
  m_Name: 
  m_EditorClassIdentifier: 
--- !u!114 &1829441640 stripped
MonoBehaviour:
  m_CorrespondingSourceObject: {fileID: 2470180154166302232, guid: 11819001625b82f4297970e290d4ee74, type: 3}
  m_PrefabInstance: {fileID: 1095697335}
  m_PrefabAsset: {fileID: 0}
  m_GameObject: {fileID: 0}
  m_Enabled: 1
  m_EditorHideFlags: 0
  m_Script: {fileID: 11500000, guid: 8b249a1e4dce70a47ba97c11c8e47dba, type: 3}
  m_Name: 
  m_EditorClassIdentifier: 
--- !u!1001 &1879955399
PrefabInstance:
  m_ObjectHideFlags: 0
  serializedVersion: 2
  m_Modification:
    m_TransformParent: {fileID: 0}
    m_Modifications:
    - target: {fileID: 1130720722122910434, guid: 4b888400c345b94408f648ac4a6c92e1, type: 3}
      propertyPath: onUnityClick.m_PersistentCalls.m_Calls.Array.size
      value: 1
      objectReference: {fileID: 0}
    - target: {fileID: 1130720722122910434, guid: 4b888400c345b94408f648ac4a6c92e1, type: 3}
      propertyPath: onUnityClick.m_PersistentCalls.m_Calls.Array.data[0].m_Mode
      value: 3
      objectReference: {fileID: 0}
    - target: {fileID: 1130720722122910434, guid: 4b888400c345b94408f648ac4a6c92e1, type: 3}
      propertyPath: onUnityClick.m_PersistentCalls.m_Calls.Array.data[0].m_Target
      value: 
      objectReference: {fileID: 1750230468}
    - target: {fileID: 1130720722122910434, guid: 4b888400c345b94408f648ac4a6c92e1, type: 3}
      propertyPath: onUnityClick.m_PersistentCalls.m_Calls.Array.data[0].m_CallState
      value: 2
      objectReference: {fileID: 0}
    - target: {fileID: 1130720722122910434, guid: 4b888400c345b94408f648ac4a6c92e1, type: 3}
      propertyPath: onUnityClick.m_PersistentCalls.m_Calls.Array.data[0].m_MethodName
      value: GoToScene
      objectReference: {fileID: 0}
    - target: {fileID: 1130720722122910434, guid: 4b888400c345b94408f648ac4a6c92e1, type: 3}
      propertyPath: onUnityClick.m_PersistentCalls.m_Calls.Array.data[0].m_TargetAssemblyTypeName
      value: ScenesManager, Assembly-CSharp
      objectReference: {fileID: 0}
    - target: {fileID: 1130720722122910434, guid: 4b888400c345b94408f648ac4a6c92e1, type: 3}
      propertyPath: onUnityClick.m_PersistentCalls.m_Calls.Array.data[0].m_Arguments.m_IntArgument
      value: 2
      objectReference: {fileID: 0}
    - target: {fileID: 1130720722122910434, guid: 4b888400c345b94408f648ac4a6c92e1, type: 3}
      propertyPath: onUnityClick.m_PersistentCalls.m_Calls.Array.data[0].m_Arguments.m_ObjectArgumentAssemblyTypeName
      value: UnityEngine.Object, UnityEngine
      objectReference: {fileID: 0}
    - target: {fileID: 2776057058788629649, guid: 4b888400c345b94408f648ac4a6c92e1, type: 3}
      propertyPath: m_RootOrder
      value: 9
      objectReference: {fileID: 0}
    - target: {fileID: 2776057058788629649, guid: 4b888400c345b94408f648ac4a6c92e1, type: 3}
      propertyPath: m_LocalPosition.x
      value: 0.373
      objectReference: {fileID: 0}
    - target: {fileID: 2776057058788629649, guid: 4b888400c345b94408f648ac4a6c92e1, type: 3}
      propertyPath: m_LocalPosition.y
      value: 1.474
      objectReference: {fileID: 0}
    - target: {fileID: 2776057058788629649, guid: 4b888400c345b94408f648ac4a6c92e1, type: 3}
      propertyPath: m_LocalPosition.z
      value: -0.10389423
      objectReference: {fileID: 0}
    - target: {fileID: 2776057058788629649, guid: 4b888400c345b94408f648ac4a6c92e1, type: 3}
      propertyPath: m_LocalRotation.w
      value: 0.7103983
      objectReference: {fileID: 0}
    - target: {fileID: 2776057058788629649, guid: 4b888400c345b94408f648ac4a6c92e1, type: 3}
      propertyPath: m_LocalRotation.x
      value: -0
      objectReference: {fileID: 0}
    - target: {fileID: 2776057058788629649, guid: 4b888400c345b94408f648ac4a6c92e1, type: 3}
      propertyPath: m_LocalRotation.y
      value: -0
      objectReference: {fileID: 0}
    - target: {fileID: 2776057058788629649, guid: 4b888400c345b94408f648ac4a6c92e1, type: 3}
      propertyPath: m_LocalRotation.z
      value: 0.7037999
      objectReference: {fileID: 0}
    - target: {fileID: 2776057058788629649, guid: 4b888400c345b94408f648ac4a6c92e1, type: 3}
      propertyPath: m_LocalEulerAnglesHint.x
      value: 0
      objectReference: {fileID: 0}
    - target: {fileID: 2776057058788629649, guid: 4b888400c345b94408f648ac4a6c92e1, type: 3}
      propertyPath: m_LocalEulerAnglesHint.y
      value: 0
      objectReference: {fileID: 0}
    - target: {fileID: 2776057058788629649, guid: 4b888400c345b94408f648ac4a6c92e1, type: 3}
      propertyPath: m_LocalEulerAnglesHint.z
      value: 89.465
      objectReference: {fileID: 0}
    - target: {fileID: 3740643057271322432, guid: 4b888400c345b94408f648ac4a6c92e1, type: 3}
      propertyPath: m_Sprite
      value: 
      objectReference: {fileID: 0}
    - target: {fileID: 3740643057271322432, guid: 4b888400c345b94408f648ac4a6c92e1, type: 3}
      propertyPath: m_WasSpriteAssigned
      value: 0
      objectReference: {fileID: 0}
    - target: {fileID: 3921111214257318055, guid: 4b888400c345b94408f648ac4a6c92e1, type: 3}
      propertyPath: m_Name
      value: FireFlightRoom
      objectReference: {fileID: 0}
    - target: {fileID: 7589592065177210195, guid: 4b888400c345b94408f648ac4a6c92e1, type: 3}
      propertyPath: m_Size.x
      value: 0.14018095
      objectReference: {fileID: 0}
    - target: {fileID: 7589592065177210195, guid: 4b888400c345b94408f648ac4a6c92e1, type: 3}
      propertyPath: m_Size.y
      value: 0.6524106
      objectReference: {fileID: 0}
    - target: {fileID: 7589592065177210195, guid: 4b888400c345b94408f648ac4a6c92e1, type: 3}
      propertyPath: m_Offset.x
      value: 0.14990953
      objectReference: {fileID: 0}
    - target: {fileID: 7589592065177210195, guid: 4b888400c345b94408f648ac4a6c92e1, type: 3}
      propertyPath: m_Offset.y
      value: 0.106205285
      objectReference: {fileID: 0}
    m_RemovedComponents: []
  m_SourcePrefab: {fileID: 100100000, guid: 4b888400c345b94408f648ac4a6c92e1, type: 3}
--- !u!224 &2103333474 stripped
RectTransform:
  m_CorrespondingSourceObject: {fileID: 2470180154339468120, guid: 11819001625b82f4297970e290d4ee74, type: 3}
  m_PrefabInstance: {fileID: 1095697335}
  m_PrefabAsset: {fileID: 0}
--- !u!1 &2140109617
GameObject:
  m_ObjectHideFlags: 0
  m_CorrespondingSourceObject: {fileID: 0}
  m_PrefabInstance: {fileID: 0}
  m_PrefabAsset: {fileID: 0}
  serializedVersion: 6
  m_Component:
  - component: {fileID: 2140109620}
  - component: {fileID: 2140109619}
  - component: {fileID: 2140109618}
  - component: {fileID: 2140109621}
  m_Layer: 0
  m_Name: Main Camera
  m_TagString: MainCamera
  m_Icon: {fileID: 0}
  m_NavMeshLayer: 0
  m_StaticEditorFlags: 0
  m_IsActive: 1
--- !u!81 &2140109618
AudioListener:
  m_ObjectHideFlags: 0
  m_CorrespondingSourceObject: {fileID: 0}
  m_PrefabInstance: {fileID: 0}
  m_PrefabAsset: {fileID: 0}
  m_GameObject: {fileID: 2140109617}
  m_Enabled: 1
--- !u!20 &2140109619
Camera:
  m_ObjectHideFlags: 0
  m_CorrespondingSourceObject: {fileID: 0}
  m_PrefabInstance: {fileID: 0}
  m_PrefabAsset: {fileID: 0}
  m_GameObject: {fileID: 2140109617}
  m_Enabled: 1
  serializedVersion: 2
  m_ClearFlags: 2
  m_BackGroundColor: {r: 0, g: 0, b: 0, a: 0}
  m_projectionMatrixMode: 1
  m_GateFitMode: 2
  m_FOVAxisMode: 0
  m_SensorSize: {x: 36, y: 24}
  m_LensShift: {x: 0, y: 0}
  m_FocalLength: 50
  m_NormalizedViewPortRect:
    serializedVersion: 2
    x: 0
    y: 0
    width: 1
    height: 1
  near clip plane: 0.3
  far clip plane: 1000
  field of view: 60
  orthographic: 1
  orthographic size: 5
  m_Depth: -1
  m_CullingMask:
    serializedVersion: 2
    m_Bits: 4294967295
  m_RenderingPath: -1
  m_TargetTexture: {fileID: 0}
  m_TargetDisplay: 0
  m_TargetEye: 3
  m_HDR: 1
  m_AllowMSAA: 1
  m_AllowDynamicResolution: 0
  m_ForceIntoRT: 0
  m_OcclusionCulling: 1
  m_StereoConvergence: 10
  m_StereoSeparation: 0.022
--- !u!4 &2140109620
Transform:
  m_ObjectHideFlags: 0
  m_CorrespondingSourceObject: {fileID: 0}
  m_PrefabInstance: {fileID: 0}
  m_PrefabAsset: {fileID: 0}
  m_GameObject: {fileID: 2140109617}
  m_LocalRotation: {x: 0, y: 0, z: 0, w: 1}
  m_LocalPosition: {x: 0, y: 1, z: -10}
  m_LocalScale: {x: 1, y: 1, z: 1}
  m_ConstrainProportionsScale: 0
  m_Children: []
  m_Father: {fileID: 0}
  m_RootOrder: 0
  m_LocalEulerAnglesHint: {x: 0, y: 0, z: 0}
--- !u!82 &2140109621
AudioSource:
  m_ObjectHideFlags: 0
  m_CorrespondingSourceObject: {fileID: 0}
  m_PrefabInstance: {fileID: 0}
  m_PrefabAsset: {fileID: 0}
  m_GameObject: {fileID: 2140109617}
  m_Enabled: 1
  serializedVersion: 4
  OutputAudioMixerGroup: {fileID: 0}
  m_audioClip: {fileID: 8300000, guid: ade92dfc1415de746aea844541c2611c, type: 3}
  m_PlayOnAwake: 1
  m_Volume: 0.208
  m_Pitch: 1
  Loop: 1
  Mute: 0
  Spatialize: 0
  SpatializePostEffects: 0
  Priority: 128
  DopplerLevel: 1
  MinDistance: 1
  MaxDistance: 500
  Pan2D: 0
  rolloffMode: 0
  BypassEffects: 0
  BypassListenerEffects: 0
  BypassReverbZones: 0
  rolloffCustomCurve:
    serializedVersion: 2
    m_Curve:
    - serializedVersion: 3
      time: 0
      value: 1
      inSlope: 0
      outSlope: 0
      tangentMode: 0
      weightedMode: 0
      inWeight: 0.33333334
      outWeight: 0.33333334
    - serializedVersion: 3
      time: 1
      value: 0
      inSlope: 0
      outSlope: 0
      tangentMode: 0
      weightedMode: 0
      inWeight: 0.33333334
      outWeight: 0.33333334
    m_PreInfinity: 2
    m_PostInfinity: 2
    m_RotationOrder: 4
  panLevelCustomCurve:
    serializedVersion: 2
    m_Curve:
    - serializedVersion: 3
      time: 0
      value: 0
      inSlope: 0
      outSlope: 0
      tangentMode: 0
      weightedMode: 0
      inWeight: 0.33333334
      outWeight: 0.33333334
    m_PreInfinity: 2
    m_PostInfinity: 2
    m_RotationOrder: 4
  spreadCustomCurve:
    serializedVersion: 2
    m_Curve:
    - serializedVersion: 3
      time: 0
      value: 0
      inSlope: 0
      outSlope: 0
      tangentMode: 0
      weightedMode: 0
      inWeight: 0.33333334
      outWeight: 0.33333334
    m_PreInfinity: 2
    m_PostInfinity: 2
    m_RotationOrder: 4
  reverbZoneMixCustomCurve:
    serializedVersion: 2
    m_Curve:
    - serializedVersion: 3
      time: 0
      value: 1
      inSlope: 0
      outSlope: 0
      tangentMode: 0
      weightedMode: 0
      inWeight: 0.33333334
      outWeight: 0.33333334
    m_PreInfinity: 2
    m_PostInfinity: 2
    m_RotationOrder: 4
