%YAML 1.1
%TAG !u! tag:unity3d.com,2011:
--- !u!29 &1
OcclusionCullingSettings:
  m_ObjectHideFlags: 0
  serializedVersion: 2
  m_OcclusionBakeSettings:
    smallestOccluder: 5
    smallestHole: 0.25
    backfaceThreshold: 100
  m_SceneGUID: 00000000000000000000000000000000
  m_OcclusionCullingData: {fileID: 0}
--- !u!104 &2
RenderSettings:
  m_ObjectHideFlags: 0
  serializedVersion: 9
  m_Fog: 0
  m_FogColor: {r: 0.5, g: 0.5, b: 0.5, a: 1}
  m_FogMode: 3
  m_FogDensity: 0.01
  m_LinearFogStart: 0
  m_LinearFogEnd: 300
  m_AmbientSkyColor: {r: 0.212, g: 0.227, b: 0.259, a: 1}
  m_AmbientEquatorColor: {r: 0.114, g: 0.125, b: 0.133, a: 1}
  m_AmbientGroundColor: {r: 0.047, g: 0.043, b: 0.035, a: 1}
  m_AmbientIntensity: 1
  m_AmbientMode: 0
  m_SubtractiveShadowColor: {r: 0.42, g: 0.478, b: 0.627, a: 1}
  m_SkyboxMaterial: {fileID: 10304, guid: 0000000000000000f000000000000000, type: 0}
  m_HaloStrength: 0.5
  m_FlareStrength: 1
  m_FlareFadeSpeed: 3
  m_HaloTexture: {fileID: 0}
  m_SpotCookie: {fileID: 10001, guid: 0000000000000000e000000000000000, type: 0}
  m_DefaultReflectionMode: 0
  m_DefaultReflectionResolution: 128
  m_ReflectionBounces: 1
  m_ReflectionIntensity: 1
  m_CustomReflection: {fileID: 0}
  m_Sun: {fileID: 0}
  m_IndirectSpecularColor: {r: 0.18028378, g: 0.22571412, b: 0.30692285, a: 1}
  m_UseRadianceAmbientProbe: 0
--- !u!157 &3
LightmapSettings:
  m_ObjectHideFlags: 0
  serializedVersion: 12
  m_GIWorkflowMode: 1
  m_GISettings:
    serializedVersion: 2
    m_BounceScale: 1
    m_IndirectOutputScale: 1
    m_AlbedoBoost: 1
    m_EnvironmentLightingMode: 0
    m_EnableBakedLightmaps: 1
    m_EnableRealtimeLightmaps: 0
  m_LightmapEditorSettings:
    serializedVersion: 12
    m_Resolution: 2
    m_BakeResolution: 40
    m_AtlasSize: 1024
    m_AO: 0
    m_AOMaxDistance: 1
    m_CompAOExponent: 1
    m_CompAOExponentDirect: 0
    m_ExtractAmbientOcclusion: 0
    m_Padding: 2
    m_LightmapParameters: {fileID: 0}
    m_LightmapsBakeMode: 1
    m_TextureCompression: 1
    m_FinalGather: 0
    m_FinalGatherFiltering: 1
    m_FinalGatherRayCount: 256
    m_ReflectionCompression: 2
    m_MixedBakeMode: 2
    m_BakeBackend: 1
    m_PVRSampling: 1
    m_PVRDirectSampleCount: 32
    m_PVRSampleCount: 512
    m_PVRBounces: 2
    m_PVREnvironmentSampleCount: 256
    m_PVREnvironmentReferencePointCount: 2048
    m_PVRFilteringMode: 1
    m_PVRDenoiserTypeDirect: 1
    m_PVRDenoiserTypeIndirect: 1
    m_PVRDenoiserTypeAO: 1
    m_PVRFilterTypeDirect: 0
    m_PVRFilterTypeIndirect: 0
    m_PVRFilterTypeAO: 0
    m_PVREnvironmentMIS: 1
    m_PVRCulling: 1
    m_PVRFilteringGaussRadiusDirect: 1
    m_PVRFilteringGaussRadiusIndirect: 5
    m_PVRFilteringGaussRadiusAO: 2
    m_PVRFilteringAtrousPositionSigmaDirect: 0.5
    m_PVRFilteringAtrousPositionSigmaIndirect: 2
    m_PVRFilteringAtrousPositionSigmaAO: 1
    m_ExportTrainingData: 0
    m_TrainingDataDestination: TrainingData
    m_LightProbeSampleCountMultiplier: 4
  m_LightingDataAsset: {fileID: 0}
  m_LightingSettings: {fileID: 0}
--- !u!196 &4
NavMeshSettings:
  serializedVersion: 2
  m_ObjectHideFlags: 0
  m_BuildSettings:
    serializedVersion: 2
    agentTypeID: 0
    agentRadius: 0.5
    agentHeight: 2
    agentSlope: 45
    agentClimb: 0.4
    ledgeDropHeight: 0
    maxJumpAcrossDistance: 0
    minRegionArea: 2
    manualCellSize: 0
    cellSize: 0.16666667
    manualTileSize: 0
    tileSize: 256
    accuratePlacement: 0
    maxJobWorkers: 0
    preserveTilesOutsideBounds: 0
    debug:
      m_Flags: 0
  m_NavMeshData: {fileID: 0}
--- !u!1 &413764691 stripped
GameObject:
  m_CorrespondingSourceObject: {fileID: 7356981935589379034, guid: 9e614b141768c1642ab23075497078a9, type: 3}
  m_PrefabInstance: {fileID: 2063378859}
  m_PrefabAsset: {fileID: 0}
--- !u!1 &457479685
GameObject:
  m_ObjectHideFlags: 0
  m_CorrespondingSourceObject: {fileID: 0}
  m_PrefabInstance: {fileID: 0}
  m_PrefabAsset: {fileID: 0}
  serializedVersion: 6
  m_Component:
  - component: {fileID: 457479688}
  - component: {fileID: 457479687}
  - component: {fileID: 457479686}
  - component: {fileID: 457479689}
  m_Layer: 0
  m_Name: Main Camera
  m_TagString: MainCamera
  m_Icon: {fileID: 0}
  m_NavMeshLayer: 0
  m_StaticEditorFlags: 0
  m_IsActive: 1
--- !u!81 &457479686
AudioListener:
  m_ObjectHideFlags: 0
  m_CorrespondingSourceObject: {fileID: 0}
  m_PrefabInstance: {fileID: 0}
  m_PrefabAsset: {fileID: 0}
  m_GameObject: {fileID: 457479685}
  m_Enabled: 1
--- !u!20 &457479687
Camera:
  m_ObjectHideFlags: 0
  m_CorrespondingSourceObject: {fileID: 0}
  m_PrefabInstance: {fileID: 0}
  m_PrefabAsset: {fileID: 0}
  m_GameObject: {fileID: 457479685}
  m_Enabled: 1
  serializedVersion: 2
  m_ClearFlags: 2
  m_BackGroundColor: {r: 0, g: 0, b: 0, a: 0}
  m_projectionMatrixMode: 1
  m_GateFitMode: 2
  m_FOVAxisMode: 0
  m_SensorSize: {x: 36, y: 24}
  m_LensShift: {x: 0, y: 0}
  m_FocalLength: 50
  m_NormalizedViewPortRect:
    serializedVersion: 2
    x: 0
    y: 0
    width: 1
    height: 1
  near clip plane: 0.3
  far clip plane: 1000
  field of view: 60
  orthographic: 1
  orthographic size: 5
  m_Depth: -1
  m_CullingMask:
    serializedVersion: 2
    m_Bits: 4294967295
  m_RenderingPath: -1
  m_TargetTexture: {fileID: 0}
  m_TargetDisplay: 0
  m_TargetEye: 3
  m_HDR: 1
  m_AllowMSAA: 1
  m_AllowDynamicResolution: 0
  m_ForceIntoRT: 0
  m_OcclusionCulling: 1
  m_StereoConvergence: 10
  m_StereoSeparation: 0.022
--- !u!4 &457479688
Transform:
  m_ObjectHideFlags: 0
  m_CorrespondingSourceObject: {fileID: 0}
  m_PrefabInstance: {fileID: 0}
  m_PrefabAsset: {fileID: 0}
  m_GameObject: {fileID: 457479685}
  m_LocalRotation: {x: 0, y: 0, z: 0, w: 1}
  m_LocalPosition: {x: 0, y: 1, z: -10}
  m_LocalScale: {x: 1, y: 1, z: 1}
  m_ConstrainProportionsScale: 0
  m_Children: []
  m_Father: {fileID: 0}
  m_RootOrder: 0
  m_LocalEulerAnglesHint: {x: 0, y: 0, z: 0}
--- !u!82 &457479689
AudioSource:
  m_ObjectHideFlags: 0
  m_CorrespondingSourceObject: {fileID: 0}
  m_PrefabInstance: {fileID: 0}
  m_PrefabAsset: {fileID: 0}
  m_GameObject: {fileID: 457479685}
  m_Enabled: 1
  serializedVersion: 4
  OutputAudioMixerGroup: {fileID: 0}
  m_audioClip: {fileID: 8300000, guid: 5c5993886c66aeb41a07fc6aab52592f, type: 3}
  m_PlayOnAwake: 1
  m_Volume: 0.208
  m_Pitch: 1
  Loop: 1
  Mute: 0
  Spatialize: 0
  SpatializePostEffects: 0
  Priority: 128
  DopplerLevel: 1
  MinDistance: 1
  MaxDistance: 500
  Pan2D: 0
  rolloffMode: 0
  BypassEffects: 0
  BypassListenerEffects: 0
  BypassReverbZones: 0
  rolloffCustomCurve:
    serializedVersion: 2
    m_Curve:
    - serializedVersion: 3
      time: 0
      value: 1
      inSlope: 0
      outSlope: 0
      tangentMode: 0
      weightedMode: 0
      inWeight: 0.33333334
      outWeight: 0.33333334
    - serializedVersion: 3
      time: 1
      value: 0
      inSlope: 0
      outSlope: 0
      tangentMode: 0
      weightedMode: 0
      inWeight: 0.33333334
      outWeight: 0.33333334
    m_PreInfinity: 2
    m_PostInfinity: 2
    m_RotationOrder: 4
  panLevelCustomCurve:
    serializedVersion: 2
    m_Curve:
    - serializedVersion: 3
      time: 0
      value: 0
      inSlope: 0
      outSlope: 0
      tangentMode: 0
      weightedMode: 0
      inWeight: 0.33333334
      outWeight: 0.33333334
    m_PreInfinity: 2
    m_PostInfinity: 2
    m_RotationOrder: 4
  spreadCustomCurve:
    serializedVersion: 2
    m_Curve:
    - serializedVersion: 3
      time: 0
      value: 0
      inSlope: 0
      outSlope: 0
      tangentMode: 0
      weightedMode: 0
      inWeight: 0.33333334
      outWeight: 0.33333334
    m_PreInfinity: 2
    m_PostInfinity: 2
    m_RotationOrder: 4
  reverbZoneMixCustomCurve:
    serializedVersion: 2
    m_Curve:
    - serializedVersion: 3
      time: 0
      value: 1
      inSlope: 0
      outSlope: 0
      tangentMode: 0
      weightedMode: 0
      inWeight: 0.33333334
      outWeight: 0.33333334
    m_PreInfinity: 2
    m_PostInfinity: 2
    m_RotationOrder: 4
--- !u!1001 &815763481
PrefabInstance:
  m_ObjectHideFlags: 0
  serializedVersion: 2
  m_Modification:
    m_TransformParent: {fileID: 0}
    m_Modifications:
    - target: {fileID: 1130720722122910434, guid: 4b888400c345b94408f648ac4a6c92e1, type: 3}
      propertyPath: onUnityClick.m_PersistentCalls.m_Calls.Array.size
      value: 1
      objectReference: {fileID: 0}
    - target: {fileID: 1130720722122910434, guid: 4b888400c345b94408f648ac4a6c92e1, type: 3}
      propertyPath: onUnityClick.m_PersistentCalls.m_Calls.Array.data[0].m_Mode
      value: 1
      objectReference: {fileID: 0}
    - target: {fileID: 1130720722122910434, guid: 4b888400c345b94408f648ac4a6c92e1, type: 3}
      propertyPath: onUnityClick.m_PersistentCalls.m_Calls.Array.data[1].m_Mode
      value: 1
      objectReference: {fileID: 0}
    - target: {fileID: 1130720722122910434, guid: 4b888400c345b94408f648ac4a6c92e1, type: 3}
      propertyPath: onUnityClick.m_PersistentCalls.m_Calls.Array.data[0].m_Target
      value: 
      objectReference: {fileID: 1209961761}
    - target: {fileID: 1130720722122910434, guid: 4b888400c345b94408f648ac4a6c92e1, type: 3}
      propertyPath: onUnityClick.m_PersistentCalls.m_Calls.Array.data[0].m_CallState
      value: 2
      objectReference: {fileID: 0}
    - target: {fileID: 1130720722122910434, guid: 4b888400c345b94408f648ac4a6c92e1, type: 3}
      propertyPath: onUnityClick.m_PersistentCalls.m_Calls.Array.data[1].m_CallState
      value: 2
      objectReference: {fileID: 0}
    - target: {fileID: 1130720722122910434, guid: 4b888400c345b94408f648ac4a6c92e1, type: 3}
      propertyPath: onUnityClick.m_PersistentCalls.m_Calls.Array.data[0].m_MethodName
      value: StartGame
      objectReference: {fileID: 0}
    - target: {fileID: 1130720722122910434, guid: 4b888400c345b94408f648ac4a6c92e1, type: 3}
      propertyPath: onUnityClick.m_PersistentCalls.m_Calls.Array.data[0].m_TargetAssemblyTypeName
      value: BarleyBreakLogic, Assembly-CSharp
      objectReference: {fileID: 0}
    - target: {fileID: 1130720722122910434, guid: 4b888400c345b94408f648ac4a6c92e1, type: 3}
      propertyPath: onUnityClick.m_PersistentCalls.m_Calls.Array.data[1].m_TargetAssemblyTypeName
      value: UnityEngine.GameObject, UnityEngine
      objectReference: {fileID: 0}
    - target: {fileID: 1130720722122910434, guid: 4b888400c345b94408f648ac4a6c92e1, type: 3}
      propertyPath: onUnityClick.m_PersistentCalls.m_Calls.Array.data[0].m_Arguments.m_BoolArgument
      value: 1
      objectReference: {fileID: 0}
    - target: {fileID: 1130720722122910434, guid: 4b888400c345b94408f648ac4a6c92e1, type: 3}
      propertyPath: onUnityClick.m_PersistentCalls.m_Calls.Array.data[1].m_Arguments.m_BoolArgument
      value: 1
      objectReference: {fileID: 0}
    - target: {fileID: 1130720722122910434, guid: 4b888400c345b94408f648ac4a6c92e1, type: 3}
      propertyPath: onUnityClick.m_PersistentCalls.m_Calls.Array.data[0].m_Arguments.m_ObjectArgumentAssemblyTypeName
      value: UnityEngine.Object, UnityEngine
      objectReference: {fileID: 0}
    - target: {fileID: 2776057058788629649, guid: 4b888400c345b94408f648ac4a6c92e1, type: 3}
      propertyPath: m_RootOrder
      value: 6
      objectReference: {fileID: 0}
    - target: {fileID: 2776057058788629649, guid: 4b888400c345b94408f648ac4a6c92e1, type: 3}
      propertyPath: m_LocalScale.x
      value: 3.3064396
      objectReference: {fileID: 0}
    - target: {fileID: 2776057058788629649, guid: 4b888400c345b94408f648ac4a6c92e1, type: 3}
      propertyPath: m_LocalScale.y
      value: 2.0041625
      objectReference: {fileID: 0}
    - target: {fileID: 2776057058788629649, guid: 4b888400c345b94408f648ac4a6c92e1, type: 3}
      propertyPath: m_LocalPosition.x
      value: 2.4614
      objectReference: {fileID: 0}
    - target: {fileID: 2776057058788629649, guid: 4b888400c345b94408f648ac4a6c92e1, type: 3}
      propertyPath: m_LocalPosition.y
      value: 0.94
      objectReference: {fileID: 0}
    - target: {fileID: 2776057058788629649, guid: 4b888400c345b94408f648ac4a6c92e1, type: 3}
      propertyPath: m_LocalPosition.z
      value: -0.10389423
      objectReference: {fileID: 0}
    - target: {fileID: 2776057058788629649, guid: 4b888400c345b94408f648ac4a6c92e1, type: 3}
      propertyPath: m_LocalRotation.w
      value: 1
      objectReference: {fileID: 0}
    - target: {fileID: 2776057058788629649, guid: 4b888400c345b94408f648ac4a6c92e1, type: 3}
      propertyPath: m_LocalRotation.x
      value: -0
      objectReference: {fileID: 0}
    - target: {fileID: 2776057058788629649, guid: 4b888400c345b94408f648ac4a6c92e1, type: 3}
      propertyPath: m_LocalRotation.y
      value: -0
      objectReference: {fileID: 0}
    - target: {fileID: 2776057058788629649, guid: 4b888400c345b94408f648ac4a6c92e1, type: 3}
      propertyPath: m_LocalRotation.z
      value: -0
      objectReference: {fileID: 0}
    - target: {fileID: 2776057058788629649, guid: 4b888400c345b94408f648ac4a6c92e1, type: 3}
      propertyPath: m_LocalEulerAnglesHint.x
      value: 0
      objectReference: {fileID: 0}
    - target: {fileID: 2776057058788629649, guid: 4b888400c345b94408f648ac4a6c92e1, type: 3}
      propertyPath: m_LocalEulerAnglesHint.y
      value: 0
      objectReference: {fileID: 0}
    - target: {fileID: 2776057058788629649, guid: 4b888400c345b94408f648ac4a6c92e1, type: 3}
      propertyPath: m_LocalEulerAnglesHint.z
      value: 0
      objectReference: {fileID: 0}
    - target: {fileID: 3740643057271322432, guid: 4b888400c345b94408f648ac4a6c92e1, type: 3}
      propertyPath: m_Sprite
      value: 
      objectReference: {fileID: 0}
    - target: {fileID: 3740643057271322432, guid: 4b888400c345b94408f648ac4a6c92e1, type: 3}
      propertyPath: m_WasSpriteAssigned
      value: 0
      objectReference: {fileID: 0}
    - target: {fileID: 3921111214257318055, guid: 4b888400c345b94408f648ac4a6c92e1, type: 3}
      propertyPath: m_Name
      value: BarleyBreakGameStart
      objectReference: {fileID: 0}
    m_RemovedComponents: []
  m_SourcePrefab: {fileID: 100100000, guid: 4b888400c345b94408f648ac4a6c92e1, type: 3}
--- !u!1 &893175595 stripped
GameObject:
  m_CorrespondingSourceObject: {fileID: 5259620241111863457, guid: e9b513609dcb2324dac2c910199bde53, type: 3}
  m_PrefabInstance: {fileID: 1944122686}
  m_PrefabAsset: {fileID: 0}
--- !u!1 &1060355075
GameObject:
  m_ObjectHideFlags: 0
  m_CorrespondingSourceObject: {fileID: 0}
  m_PrefabInstance: {fileID: 0}
  m_PrefabAsset: {fileID: 0}
  serializedVersion: 6
  m_Component:
  - component: {fileID: 1060355077}
  - component: {fileID: 1060355076}
  - component: {fileID: 1060355078}
  m_Layer: 0
  m_Name: Kitchen
  m_TagString: Untagged
  m_Icon: {fileID: 0}
  m_NavMeshLayer: 0
  m_StaticEditorFlags: 0
  m_IsActive: 1
--- !u!212 &1060355076
SpriteRenderer:
  m_ObjectHideFlags: 0
  m_CorrespondingSourceObject: {fileID: 0}
  m_PrefabInstance: {fileID: 0}
  m_PrefabAsset: {fileID: 0}
  m_GameObject: {fileID: 1060355075}
  m_Enabled: 1
  m_CastShadows: 0
  m_ReceiveShadows: 0
  m_DynamicOccludee: 1
  m_StaticShadowCaster: 0
  m_MotionVectors: 1
  m_LightProbeUsage: 1
  m_ReflectionProbeUsage: 1
  m_RayTracingMode: 0
  m_RayTraceProcedural: 0
  m_RenderingLayerMask: 1
  m_RendererPriority: 0
  m_Materials:
  - {fileID: 10754, guid: 0000000000000000f000000000000000, type: 0}
  m_StaticBatchInfo:
    firstSubMesh: 0
    subMeshCount: 0
  m_StaticBatchRoot: {fileID: 0}
  m_ProbeAnchor: {fileID: 0}
  m_LightProbeVolumeOverride: {fileID: 0}
  m_ScaleInLightmap: 1
  m_ReceiveGI: 1
  m_PreserveUVs: 0
  m_IgnoreNormalsForChartDetection: 0
  m_ImportantGI: 0
  m_StitchLightmapSeams: 1
  m_SelectedEditorRenderState: 0
  m_MinimumChartSize: 4
  m_AutoUVMaxDistance: 0.5
  m_AutoUVMaxAngle: 89
  m_LightmapParameters: {fileID: 0}
  m_SortingLayerID: 0
  m_SortingLayer: 0
  m_SortingOrder: 0
  m_Sprite: {fileID: 21300000, guid: 94018033674944a48b37ab1314381cc6, type: 3}
  m_Color: {r: 1, g: 1, b: 1, a: 1}
  m_FlipX: 0
  m_FlipY: 0
  m_DrawMode: 0
  m_Size: {x: 12.8, y: 10.35}
  m_AdaptiveModeThreshold: 0.5
  m_SpriteTileMode: 0
  m_WasSpriteAssigned: 1
  m_MaskInteraction: 0
  m_SpriteSortPoint: 0
--- !u!4 &1060355077
Transform:
  m_ObjectHideFlags: 0
  m_CorrespondingSourceObject: {fileID: 0}
  m_PrefabInstance: {fileID: 0}
  m_PrefabAsset: {fileID: 0}
  m_GameObject: {fileID: 1060355075}
  m_LocalRotation: {x: 0, y: 0, z: 0, w: 1}
  m_LocalPosition: {x: 0, y: 0.94, z: 0}
  m_LocalScale: {x: 1, y: 1, z: 1}
  m_ConstrainProportionsScale: 0
  m_Children: []
  m_Father: {fileID: 0}
  m_RootOrder: 2
  m_LocalEulerAnglesHint: {x: 0, y: 0, z: 0}
--- !u!68 &1060355078
EdgeCollider2D:
  m_ObjectHideFlags: 0
  m_CorrespondingSourceObject: {fileID: 0}
  m_PrefabInstance: {fileID: 0}
  m_PrefabAsset: {fileID: 0}
  m_GameObject: {fileID: 1060355075}
  m_Enabled: 1
  m_Density: 1
  m_Material: {fileID: 0}
  m_IsTrigger: 0
  m_UsedByEffector: 0
  m_UsedByComposite: 0
  m_Offset: {x: 0, y: 0}
  m_EdgeRadius: 0
  m_Points:
  - {x: 6.3714566, y: -2.5816097}
  - {x: 6.3702717, y: -0.5101716}
  - {x: 5.795438, y: -0.5047506}
  - {x: 5.817435, y: 1.1309855}
  - {x: -1.2791686, y: 1.1755595}
  - {x: -1.2682722, y: -2.534592}
  - {x: -6.2762856, y: -2.5439425}
  - {x: -6.2755356, y: -4.3726854}
  - {x: 5.8069444, y: -4.4190264}
  - {x: 5.853025, y: -2.6224513}
  - {x: 6.3328433, y: -2.5855694}
  m_AdjacentStartPoint: {x: 0, y: 0}
  m_AdjacentEndPoint: {x: 0, y: 0}
  m_UseAdjacentStartPoint: 0
  m_UseAdjacentEndPoint: 0
--- !u!114 &1209961761 stripped
MonoBehaviour:
  m_CorrespondingSourceObject: {fileID: 1990597544091638365, guid: e4c3a53e5259b90488f225d8531127d3, type: 3}
  m_PrefabInstance: {fileID: 1974249093}
  m_PrefabAsset: {fileID: 0}
  m_GameObject: {fileID: 0}
  m_Enabled: 1
  m_EditorHideFlags: 0
  m_Script: {fileID: 11500000, guid: 56ac287384009b94fa9a3df838c6ab6d, type: 3}
  m_Name: 
  m_EditorClassIdentifier: 
--- !u!1 &1363728767 stripped
GameObject:
  m_CorrespondingSourceObject: {fileID: 1990597542764257801, guid: e4c3a53e5259b90488f225d8531127d3, type: 3}
  m_PrefabInstance: {fileID: 1974249093}
  m_PrefabAsset: {fileID: 0}
--- !u!224 &1363728771 stripped
RectTransform:
  m_CorrespondingSourceObject: {fileID: 1990597542764257813, guid: e4c3a53e5259b90488f225d8531127d3, type: 3}
  m_PrefabInstance: {fileID: 1974249093}
  m_PrefabAsset: {fileID: 0}
--- !u!1 &1436769411
GameObject:
  m_ObjectHideFlags: 0
  m_CorrespondingSourceObject: {fileID: 0}
  m_PrefabInstance: {fileID: 0}
  m_PrefabAsset: {fileID: 0}
  serializedVersion: 6
  m_Component:
  - component: {fileID: 1436769414}
  - component: {fileID: 1436769413}
  - component: {fileID: 1436769412}
  - component: {fileID: 1436769415}
  - component: {fileID: 1436769416}
  m_Layer: 0
  m_Name: Note Blue
  m_TagString: Untagged
  m_Icon: {fileID: 0}
  m_NavMeshLayer: 0
  m_StaticEditorFlags: 0
  m_IsActive: 0
--- !u!61 &1436769412
BoxCollider2D:
  m_ObjectHideFlags: 0
  m_CorrespondingSourceObject: {fileID: 0}
  m_PrefabInstance: {fileID: 0}
  m_PrefabAsset: {fileID: 0}
  m_GameObject: {fileID: 1436769411}
  m_Enabled: 1
  m_Density: 1
  m_Material: {fileID: 0}
  m_IsTrigger: 1
  m_UsedByEffector: 0
  m_UsedByComposite: 0
  m_Offset: {x: -0.7942517, y: -0.13694048}
  m_SpriteTilingProperty:
    border: {x: 0, y: 0, z: 0, w: 0}
    pivot: {x: 0.5, y: 0.5}
    oldSize: {x: 10.24, y: 10.24}
    newSize: {x: 10.24, y: 10.24}
    adaptiveTilingThreshold: 0.5
    drawMode: 0
    adaptiveTiling: 0
  m_AutoTiling: 0
  serializedVersion: 2
  m_Size: {x: 2.9000201, y: 4.159869}
  m_EdgeRadius: 0
--- !u!212 &1436769413
SpriteRenderer:
  m_ObjectHideFlags: 0
  m_CorrespondingSourceObject: {fileID: 0}
  m_PrefabInstance: {fileID: 0}
  m_PrefabAsset: {fileID: 0}
  m_GameObject: {fileID: 1436769411}
  m_Enabled: 1
  m_CastShadows: 0
  m_ReceiveShadows: 0
  m_DynamicOccludee: 1
  m_StaticShadowCaster: 0
  m_MotionVectors: 1
  m_LightProbeUsage: 1
  m_ReflectionProbeUsage: 1
  m_RayTracingMode: 0
  m_RayTraceProcedural: 0
  m_RenderingLayerMask: 1
  m_RendererPriority: 0
  m_Materials:
  - {fileID: 10754, guid: 0000000000000000f000000000000000, type: 0}
  m_StaticBatchInfo:
    firstSubMesh: 0
    subMeshCount: 0
  m_StaticBatchRoot: {fileID: 0}
  m_ProbeAnchor: {fileID: 0}
  m_LightProbeVolumeOverride: {fileID: 0}
  m_ScaleInLightmap: 1
  m_ReceiveGI: 1
  m_PreserveUVs: 0
  m_IgnoreNormalsForChartDetection: 0
  m_ImportantGI: 0
  m_StitchLightmapSeams: 1
  m_SelectedEditorRenderState: 0
  m_MinimumChartSize: 4
  m_AutoUVMaxDistance: 0.5
  m_AutoUVMaxAngle: 89
  m_LightmapParameters: {fileID: 0}
  m_SortingLayerID: 0
  m_SortingLayer: 0
  m_SortingOrder: 2
  m_Sprite: {fileID: 21300000, guid: 7666fa054e922a7429815e209111e596, type: 3}
  m_Color: {r: 1, g: 1, b: 1, a: 1}
  m_FlipX: 0
  m_FlipY: 0
  m_DrawMode: 0
  m_Size: {x: 10.24, y: 10.24}
  m_AdaptiveModeThreshold: 0.5
  m_SpriteTileMode: 0
  m_WasSpriteAssigned: 1
  m_MaskInteraction: 0
  m_SpriteSortPoint: 0
--- !u!4 &1436769414
Transform:
  m_ObjectHideFlags: 0
  m_CorrespondingSourceObject: {fileID: 0}
  m_PrefabInstance: {fileID: 0}
  m_PrefabAsset: {fileID: 0}
  m_GameObject: {fileID: 1436769411}
  m_LocalRotation: {x: 0, y: 0, z: 0, w: 1}
  m_LocalPosition: {x: 0.16, y: -2.43, z: 0}
  m_LocalScale: {x: 0.25, y: 0.25, z: 0.25}
  m_ConstrainProportionsScale: 1
  m_Children: []
  m_Father: {fileID: 0}
  m_RootOrder: 8
  m_LocalEulerAnglesHint: {x: 0, y: 0, z: 0}
--- !u!114 &1436769415
MonoBehaviour:
  m_ObjectHideFlags: 0
  m_CorrespondingSourceObject: {fileID: 0}
  m_PrefabInstance: {fileID: 0}
  m_PrefabAsset: {fileID: 0}
  m_GameObject: {fileID: 1436769411}
  m_Enabled: 1
  m_EditorHideFlags: 0
  m_Script: {fileID: 11500000, guid: b463bd410c9b0d2478a30fc24d12ad1f, type: 3}
  m_Name: 
  m_EditorClassIdentifier: 
  onUnityClick:
    m_PersistentCalls:
      m_Calls:
      - m_Target: {fileID: 1436769416}
        m_TargetAssemblyTypeName: Note, Assembly-CSharp
        m_MethodName: ConfirmNote
        m_Mode: 1
        m_Arguments:
          m_ObjectArgument: {fileID: 0}
          m_ObjectArgumentAssemblyTypeName: UnityEngine.Object, UnityEngine
          m_IntArgument: 0
          m_FloatArgument: 0
          m_StringArgument: 
          m_BoolArgument: 0
        m_CallState: 2
--- !u!114 &1436769416
MonoBehaviour:
  m_ObjectHideFlags: 0
  m_CorrespondingSourceObject: {fileID: 0}
  m_PrefabInstance: {fileID: 0}
  m_PrefabAsset: {fileID: 0}
  m_GameObject: {fileID: 1436769411}
  m_Enabled: 1
  m_EditorHideFlags: 0
  m_Script: {fileID: 11500000, guid: 3d333b20c2bcc034e957eb66a7dd4a12, type: 3}
  m_Name: 
  m_EditorClassIdentifier: 
  index: 1
--- !u!1001 &1637196560
PrefabInstance:
  m_ObjectHideFlags: 0
  serializedVersion: 2
  m_Modification:
    m_TransformParent: {fileID: 0}
    m_Modifications:
    - target: {fileID: 606226021212372426, guid: 0398ddcc1c6970740a471190cb7a22d5, type: 3}
      propertyPath: m_Name
      value: MainScripts
      objectReference: {fileID: 0}
    - target: {fileID: 6444618076120830033, guid: 0398ddcc1c6970740a471190cb7a22d5, type: 3}
      propertyPath: m_RootOrder
      value: 4
      objectReference: {fileID: 0}
    - target: {fileID: 6444618076120830033, guid: 0398ddcc1c6970740a471190cb7a22d5, type: 3}
      propertyPath: m_LocalPosition.x
      value: -5.1733165
      objectReference: {fileID: 0}
    - target: {fileID: 6444618076120830033, guid: 0398ddcc1c6970740a471190cb7a22d5, type: 3}
      propertyPath: m_LocalPosition.y
      value: 1.8498576
      objectReference: {fileID: 0}
    - target: {fileID: 6444618076120830033, guid: 0398ddcc1c6970740a471190cb7a22d5, type: 3}
      propertyPath: m_LocalPosition.z
      value: 2.3238566
      objectReference: {fileID: 0}
    - target: {fileID: 6444618076120830033, guid: 0398ddcc1c6970740a471190cb7a22d5, type: 3}
      propertyPath: m_LocalRotation.w
      value: 1
      objectReference: {fileID: 0}
    - target: {fileID: 6444618076120830033, guid: 0398ddcc1c6970740a471190cb7a22d5, type: 3}
      propertyPath: m_LocalRotation.x
      value: 0
      objectReference: {fileID: 0}
    - target: {fileID: 6444618076120830033, guid: 0398ddcc1c6970740a471190cb7a22d5, type: 3}
      propertyPath: m_LocalRotation.y
      value: 0
      objectReference: {fileID: 0}
    - target: {fileID: 6444618076120830033, guid: 0398ddcc1c6970740a471190cb7a22d5, type: 3}
      propertyPath: m_LocalRotation.z
      value: 0
      objectReference: {fileID: 0}
    - target: {fileID: 6444618076120830033, guid: 0398ddcc1c6970740a471190cb7a22d5, type: 3}
      propertyPath: m_LocalEulerAnglesHint.x
      value: 0
      objectReference: {fileID: 0}
    - target: {fileID: 6444618076120830033, guid: 0398ddcc1c6970740a471190cb7a22d5, type: 3}
      propertyPath: m_LocalEulerAnglesHint.y
      value: 0
      objectReference: {fileID: 0}
    - target: {fileID: 6444618076120830033, guid: 0398ddcc1c6970740a471190cb7a22d5, type: 3}
      propertyPath: m_LocalEulerAnglesHint.z
      value: 0
      objectReference: {fileID: 0}
    m_RemovedComponents: []
  m_SourcePrefab: {fileID: 100100000, guid: 0398ddcc1c6970740a471190cb7a22d5, type: 3}
--- !u!114 &1637196561 stripped
MonoBehaviour:
  m_CorrespondingSourceObject: {fileID: 7265687314266721244, guid: 0398ddcc1c6970740a471190cb7a22d5, type: 3}
  m_PrefabInstance: {fileID: 1637196560}
  m_PrefabAsset: {fileID: 0}
  m_GameObject: {fileID: 0}
  m_Enabled: 1
  m_EditorHideFlags: 0
  m_Script: {fileID: 11500000, guid: 04996850fbce87648b7095e79b47073f, type: 3}
  m_Name: 
  m_EditorClassIdentifier: 
--- !u!1001 &1676214088
PrefabInstance:
  m_ObjectHideFlags: 0
  serializedVersion: 2
  m_Modification:
    m_TransformParent: {fileID: 0}
    m_Modifications:
    - target: {fileID: 1130720722122910434, guid: 4b888400c345b94408f648ac4a6c92e1, type: 3}
      propertyPath: onUnityClick.m_PersistentCalls.m_Calls.Array.size
      value: 1
      objectReference: {fileID: 0}
    - target: {fileID: 1130720722122910434, guid: 4b888400c345b94408f648ac4a6c92e1, type: 3}
      propertyPath: onUnityClick.m_PersistentCalls.m_Calls.Array.data[0].m_Mode
      value: 3
      objectReference: {fileID: 0}
    - target: {fileID: 1130720722122910434, guid: 4b888400c345b94408f648ac4a6c92e1, type: 3}
      propertyPath: onUnityClick.m_PersistentCalls.m_Calls.Array.data[0].m_Target
      value: 
      objectReference: {fileID: 1637196561}
    - target: {fileID: 1130720722122910434, guid: 4b888400c345b94408f648ac4a6c92e1, type: 3}
      propertyPath: onUnityClick.m_PersistentCalls.m_Calls.Array.data[0].m_CallState
      value: 2
      objectReference: {fileID: 0}
    - target: {fileID: 1130720722122910434, guid: 4b888400c345b94408f648ac4a6c92e1, type: 3}
      propertyPath: onUnityClick.m_PersistentCalls.m_Calls.Array.data[0].m_MethodName
      value: GoToScene
      objectReference: {fileID: 0}
    - target: {fileID: 1130720722122910434, guid: 4b888400c345b94408f648ac4a6c92e1, type: 3}
      propertyPath: onUnityClick.m_PersistentCalls.m_Calls.Array.data[0].m_TargetAssemblyTypeName
      value: ScenesManager, Assembly-CSharp
      objectReference: {fileID: 0}
    - target: {fileID: 1130720722122910434, guid: 4b888400c345b94408f648ac4a6c92e1, type: 3}
      propertyPath: onUnityClick.m_PersistentCalls.m_Calls.Array.data[0].m_Arguments.m_IntArgument
      value: 3
      objectReference: {fileID: 0}
    - target: {fileID: 1130720722122910434, guid: 4b888400c345b94408f648ac4a6c92e1, type: 3}
      propertyPath: onUnityClick.m_PersistentCalls.m_Calls.Array.data[0].m_Arguments.m_ObjectArgumentAssemblyTypeName
      value: UnityEngine.Object, UnityEngine
      objectReference: {fileID: 0}
    - target: {fileID: 2776057058788629649, guid: 4b888400c345b94408f648ac4a6c92e1, type: 3}
      propertyPath: m_RootOrder
      value: 5
      objectReference: {fileID: 0}
    - target: {fileID: 2776057058788629649, guid: 4b888400c345b94408f648ac4a6c92e1, type: 3}
      propertyPath: m_LocalPosition.x
      value: 5.69
      objectReference: {fileID: 0}
    - target: {fileID: 2776057058788629649, guid: 4b888400c345b94408f648ac4a6c92e1, type: 3}
      propertyPath: m_LocalPosition.y
      value: -0.7
      objectReference: {fileID: 0}
    - target: {fileID: 2776057058788629649, guid: 4b888400c345b94408f648ac4a6c92e1, type: 3}
      propertyPath: m_LocalPosition.z
      value: -0.10389423
      objectReference: {fileID: 0}
    - target: {fileID: 2776057058788629649, guid: 4b888400c345b94408f648ac4a6c92e1, type: 3}
      propertyPath: m_LocalRotation.w
      value: 1
      objectReference: {fileID: 0}
    - target: {fileID: 2776057058788629649, guid: 4b888400c345b94408f648ac4a6c92e1, type: 3}
      propertyPath: m_LocalRotation.x
      value: -0
      objectReference: {fileID: 0}
    - target: {fileID: 2776057058788629649, guid: 4b888400c345b94408f648ac4a6c92e1, type: 3}
      propertyPath: m_LocalRotation.y
      value: -0
      objectReference: {fileID: 0}
    - target: {fileID: 2776057058788629649, guid: 4b888400c345b94408f648ac4a6c92e1, type: 3}
      propertyPath: m_LocalRotation.z
      value: -0
      objectReference: {fileID: 0}
    - target: {fileID: 2776057058788629649, guid: 4b888400c345b94408f648ac4a6c92e1, type: 3}
      propertyPath: m_LocalEulerAnglesHint.x
      value: 0
      objectReference: {fileID: 0}
    - target: {fileID: 2776057058788629649, guid: 4b888400c345b94408f648ac4a6c92e1, type: 3}
      propertyPath: m_LocalEulerAnglesHint.y
      value: 0
      objectReference: {fileID: 0}
    - target: {fileID: 2776057058788629649, guid: 4b888400c345b94408f648ac4a6c92e1, type: 3}
      propertyPath: m_LocalEulerAnglesHint.z
      value: 0
      objectReference: {fileID: 0}
    - target: {fileID: 3740643057271322432, guid: 4b888400c345b94408f648ac4a6c92e1, type: 3}
      propertyPath: m_Sprite
      value: 
      objectReference: {fileID: 0}
    - target: {fileID: 3740643057271322432, guid: 4b888400c345b94408f648ac4a6c92e1, type: 3}
      propertyPath: m_WasSpriteAssigned
      value: 0
      objectReference: {fileID: 0}
    - target: {fileID: 3921111214257318055, guid: 4b888400c345b94408f648ac4a6c92e1, type: 3}
      propertyPath: m_Name
      value: CorridorDoor
      objectReference: {fileID: 0}
    - target: {fileID: 7589592065177210195, guid: 4b888400c345b94408f648ac4a6c92e1, type: 3}
      propertyPath: m_Size.x
      value: 0.18906373
      objectReference: {fileID: 0}
    - target: {fileID: 7589592065177210195, guid: 4b888400c345b94408f648ac4a6c92e1, type: 3}
      propertyPath: m_Size.y
      value: 0.6555932
      objectReference: {fileID: 0}
    - target: {fileID: 7589592065177210195, guid: 4b888400c345b94408f648ac4a6c92e1, type: 3}
      propertyPath: m_Offset.x
      value: 0.12546813
      objectReference: {fileID: 0}
    - target: {fileID: 7589592065177210195, guid: 4b888400c345b94408f648ac4a6c92e1, type: 3}
      propertyPath: m_Offset.y
      value: 0.026507229
      objectReference: {fileID: 0}
    m_RemovedComponents: []
  m_SourcePrefab: {fileID: 100100000, guid: 4b888400c345b94408f648ac4a6c92e1, type: 3}
--- !u!1 &1784635355
GameObject:
  m_ObjectHideFlags: 0
  m_CorrespondingSourceObject: {fileID: 0}
  m_PrefabInstance: {fileID: 0}
  m_PrefabAsset: {fileID: 0}
  serializedVersion: 6
  m_Component:
  - component: {fileID: 1784635357}
  - component: {fileID: 1784635356}
  m_Layer: 0
  m_Name: Directional Light
  m_TagString: Untagged
  m_Icon: {fileID: 0}
  m_NavMeshLayer: 0
  m_StaticEditorFlags: 0
  m_IsActive: 1
--- !u!108 &1784635356
Light:
  m_ObjectHideFlags: 0
  m_CorrespondingSourceObject: {fileID: 0}
  m_PrefabInstance: {fileID: 0}
  m_PrefabAsset: {fileID: 0}
  m_GameObject: {fileID: 1784635355}
  m_Enabled: 1
  serializedVersion: 10
  m_Type: 1
  m_Shape: 0
  m_Color: {r: 1, g: 0.95686275, b: 0.8392157, a: 1}
  m_Intensity: 1
  m_Range: 10
  m_SpotAngle: 30
  m_InnerSpotAngle: 21.80208
  m_CookieSize: 10
  m_Shadows:
    m_Type: 2
    m_Resolution: -1
    m_CustomResolution: -1
    m_Strength: 1
    m_Bias: 0.05
    m_NormalBias: 0.4
    m_NearPlane: 0.2
    m_CullingMatrixOverride:
      e00: 1
      e01: 0
      e02: 0
      e03: 0
      e10: 0
      e11: 1
      e12: 0
      e13: 0
      e20: 0
      e21: 0
      e22: 1
      e23: 0
      e30: 0
      e31: 0
      e32: 0
      e33: 1
    m_UseCullingMatrixOverride: 0
  m_Cookie: {fileID: 0}
  m_DrawHalo: 0
  m_Flare: {fileID: 0}
  m_RenderMode: 0
  m_CullingMask:
    serializedVersion: 2
    m_Bits: 4294967295
  m_RenderingLayerMask: 1
  m_Lightmapping: 4
  m_LightShadowCasterMode: 0
  m_AreaSize: {x: 1, y: 1}
  m_BounceIntensity: 1
  m_ColorTemperature: 6570
  m_UseColorTemperature: 0
  m_BoundingSphereOverride: {x: 0, y: 0, z: 0, w: 0}
  m_UseBoundingSphereOverride: 0
  m_UseViewFrustumForShadowCasterCull: 1
  m_ShadowRadius: 0
  m_ShadowAngle: 0
--- !u!4 &1784635357
Transform:
  m_ObjectHideFlags: 0
  m_CorrespondingSourceObject: {fileID: 0}
  m_PrefabInstance: {fileID: 0}
  m_PrefabAsset: {fileID: 0}
  m_GameObject: {fileID: 1784635355}
  m_LocalRotation: {x: 0.40821788, y: -0.23456968, z: 0.10938163, w: 0.8754261}
  m_LocalPosition: {x: 0, y: 3, z: 0}
  m_LocalScale: {x: 1, y: 1, z: 1}
  m_ConstrainProportionsScale: 0
  m_Children: []
  m_Father: {fileID: 0}
  m_RootOrder: 1
  m_LocalEulerAnglesHint: {x: 50, y: -30, z: 0}
--- !u!1001 &1944122686
PrefabInstance:
  m_ObjectHideFlags: 0
  serializedVersion: 2
  m_Modification:
    m_TransformParent: {fileID: 0}
    m_Modifications:
    - target: {fileID: 4803819336933589492, guid: e9b513609dcb2324dac2c910199bde53, type: 3}
      propertyPath: m_text
      value: What's that next to the pie? A game of tag? Why are they here in the
        kitchen? Maybe something will happen if I put them in the right order?
      objectReference: {fileID: 0}
    - target: {fileID: 5259620241111863457, guid: e9b513609dcb2324dac2c910199bde53, type: 3}
      propertyPath: m_Name
      value: Player
      objectReference: {fileID: 0}
    - target: {fileID: 5259620241111863457, guid: e9b513609dcb2324dac2c910199bde53, type: 3}
      propertyPath: m_IsActive
      value: 1
      objectReference: {fileID: 0}
    - target: {fileID: 5259620241111863468, guid: e9b513609dcb2324dac2c910199bde53, type: 3}
      propertyPath: m_RootOrder
      value: 3
      objectReference: {fileID: 0}
    - target: {fileID: 5259620241111863468, guid: e9b513609dcb2324dac2c910199bde53, type: 3}
      propertyPath: m_LocalScale.x
      value: 0.7
      objectReference: {fileID: 0}
    - target: {fileID: 5259620241111863468, guid: e9b513609dcb2324dac2c910199bde53, type: 3}
      propertyPath: m_LocalScale.y
      value: 0.7
      objectReference: {fileID: 0}
    - target: {fileID: 5259620241111863468, guid: e9b513609dcb2324dac2c910199bde53, type: 3}
      propertyPath: m_LocalScale.z
      value: 0.7
      objectReference: {fileID: 0}
    - target: {fileID: 5259620241111863468, guid: e9b513609dcb2324dac2c910199bde53, type: 3}
      propertyPath: m_LocalPosition.x
      value: 4.86
      objectReference: {fileID: 0}
    - target: {fileID: 5259620241111863468, guid: e9b513609dcb2324dac2c910199bde53, type: 3}
      propertyPath: m_LocalPosition.y
      value: -0.23
      objectReference: {fileID: 0}
    - target: {fileID: 5259620241111863468, guid: e9b513609dcb2324dac2c910199bde53, type: 3}
      propertyPath: m_LocalPosition.z
      value: 0
      objectReference: {fileID: 0}
    - target: {fileID: 5259620241111863468, guid: e9b513609dcb2324dac2c910199bde53, type: 3}
      propertyPath: m_LocalRotation.w
      value: 1
      objectReference: {fileID: 0}
    - target: {fileID: 5259620241111863468, guid: e9b513609dcb2324dac2c910199bde53, type: 3}
      propertyPath: m_LocalRotation.x
      value: -0
      objectReference: {fileID: 0}
    - target: {fileID: 5259620241111863468, guid: e9b513609dcb2324dac2c910199bde53, type: 3}
      propertyPath: m_LocalRotation.y
      value: -0
      objectReference: {fileID: 0}
    - target: {fileID: 5259620241111863468, guid: e9b513609dcb2324dac2c910199bde53, type: 3}
      propertyPath: m_LocalRotation.z
      value: -0
      objectReference: {fileID: 0}
    - target: {fileID: 5259620241111863468, guid: e9b513609dcb2324dac2c910199bde53, type: 3}
      propertyPath: m_LocalEulerAnglesHint.x
      value: 0
      objectReference: {fileID: 0}
    - target: {fileID: 5259620241111863468, guid: e9b513609dcb2324dac2c910199bde53, type: 3}
      propertyPath: m_LocalEulerAnglesHint.y
      value: 0
      objectReference: {fileID: 0}
    - target: {fileID: 5259620241111863468, guid: e9b513609dcb2324dac2c910199bde53, type: 3}
      propertyPath: m_LocalEulerAnglesHint.z
      value: 0
      objectReference: {fileID: 0}
    - target: {fileID: 5259620241111863470, guid: e9b513609dcb2324dac2c910199bde53, type: 3}
      propertyPath: m_Size.x
      value: 1.5019344
      objectReference: {fileID: 0}
    - target: {fileID: 5259620241111863470, guid: e9b513609dcb2324dac2c910199bde53, type: 3}
      propertyPath: m_Size.y
      value: 1.2290366
      objectReference: {fileID: 0}
    - target: {fileID: 5259620241111863470, guid: e9b513609dcb2324dac2c910199bde53, type: 3}
      propertyPath: m_Offset.x
      value: 0.010326922
      objectReference: {fileID: 0}
    - target: {fileID: 5259620241111863470, guid: e9b513609dcb2324dac2c910199bde53, type: 3}
      propertyPath: m_Offset.y
      value: -0.7686318
      objectReference: {fileID: 0}
    - target: {fileID: 6748875453420597441, guid: e9b513609dcb2324dac2c910199bde53, type: 3}
      propertyPath: m_IsActive
      value: 0
      objectReference: {fileID: 0}
    m_RemovedComponents: []
  m_SourcePrefab: {fileID: 100100000, guid: e9b513609dcb2324dac2c910199bde53, type: 3}
--- !u!224 &1961533812 stripped
RectTransform:
  m_CorrespondingSourceObject: {fileID: 5259620241432974079, guid: e9b513609dcb2324dac2c910199bde53, type: 3}
  m_PrefabInstance: {fileID: 1944122686}
  m_PrefabAsset: {fileID: 0}
--- !u!1001 &1974249093
PrefabInstance:
  m_ObjectHideFlags: 0
  serializedVersion: 2
  m_Modification:
    m_TransformParent: {fileID: 0}
    m_Modifications:
    - target: {fileID: 1990597542764257801, guid: e4c3a53e5259b90488f225d8531127d3, type: 3}
      propertyPath: m_Name
      value: BarleyBreakGame
      objectReference: {fileID: 0}
    - target: {fileID: 1990597542764257801, guid: e4c3a53e5259b90488f225d8531127d3, type: 3}
      propertyPath: m_IsActive
      value: 0
      objectReference: {fileID: 0}
    - target: {fileID: 1990597542764257813, guid: e4c3a53e5259b90488f225d8531127d3, type: 3}
      propertyPath: m_Pivot.x
      value: 0.5
      objectReference: {fileID: 0}
    - target: {fileID: 1990597542764257813, guid: e4c3a53e5259b90488f225d8531127d3, type: 3}
      propertyPath: m_Pivot.y
      value: 0.5
      objectReference: {fileID: 0}
    - target: {fileID: 1990597542764257813, guid: e4c3a53e5259b90488f225d8531127d3, type: 3}
      propertyPath: m_RootOrder
      value: 7
      objectReference: {fileID: 0}
    - target: {fileID: 1990597542764257813, guid: e4c3a53e5259b90488f225d8531127d3, type: 3}
      propertyPath: m_AnchorMax.x
      value: 0
      objectReference: {fileID: 0}
    - target: {fileID: 1990597542764257813, guid: e4c3a53e5259b90488f225d8531127d3, type: 3}
      propertyPath: m_AnchorMax.y
      value: 0
      objectReference: {fileID: 0}
    - target: {fileID: 1990597542764257813, guid: e4c3a53e5259b90488f225d8531127d3, type: 3}
      propertyPath: m_AnchorMin.x
      value: 0
      objectReference: {fileID: 0}
    - target: {fileID: 1990597542764257813, guid: e4c3a53e5259b90488f225d8531127d3, type: 3}
      propertyPath: m_AnchorMin.y
      value: 0
      objectReference: {fileID: 0}
    - target: {fileID: 1990597542764257813, guid: e4c3a53e5259b90488f225d8531127d3, type: 3}
      propertyPath: m_SizeDelta.x
      value: 400
      objectReference: {fileID: 0}
    - target: {fileID: 1990597542764257813, guid: e4c3a53e5259b90488f225d8531127d3, type: 3}
      propertyPath: m_SizeDelta.y
      value: 400
      objectReference: {fileID: 0}
    - target: {fileID: 1990597542764257813, guid: e4c3a53e5259b90488f225d8531127d3, type: 3}
      propertyPath: m_LocalScale.x
      value: 0.024
      objectReference: {fileID: 0}
    - target: {fileID: 1990597542764257813, guid: e4c3a53e5259b90488f225d8531127d3, type: 3}
      propertyPath: m_LocalScale.y
      value: 0.024
      objectReference: {fileID: 0}
    - target: {fileID: 1990597542764257813, guid: e4c3a53e5259b90488f225d8531127d3, type: 3}
      propertyPath: m_LocalScale.z
      value: 0.024
      objectReference: {fileID: 0}
    - target: {fileID: 1990597542764257813, guid: e4c3a53e5259b90488f225d8531127d3, type: 3}
      propertyPath: m_LocalPosition.x
      value: 0
      objectReference: {fileID: 0}
    - target: {fileID: 1990597542764257813, guid: e4c3a53e5259b90488f225d8531127d3, type: 3}
      propertyPath: m_LocalPosition.y
      value: 0
      objectReference: {fileID: 0}
    - target: {fileID: 1990597542764257813, guid: e4c3a53e5259b90488f225d8531127d3, type: 3}
      propertyPath: m_LocalPosition.z
      value: 0
      objectReference: {fileID: 0}
    - target: {fileID: 1990597542764257813, guid: e4c3a53e5259b90488f225d8531127d3, type: 3}
      propertyPath: m_LocalRotation.w
      value: 1
      objectReference: {fileID: 0}
    - target: {fileID: 1990597542764257813, guid: e4c3a53e5259b90488f225d8531127d3, type: 3}
      propertyPath: m_LocalRotation.x
      value: 0
      objectReference: {fileID: 0}
    - target: {fileID: 1990597542764257813, guid: e4c3a53e5259b90488f225d8531127d3, type: 3}
      propertyPath: m_LocalRotation.y
      value: 0
      objectReference: {fileID: 0}
    - target: {fileID: 1990597542764257813, guid: e4c3a53e5259b90488f225d8531127d3, type: 3}
      propertyPath: m_LocalRotation.z
      value: 0
      objectReference: {fileID: 0}
    - target: {fileID: 1990597542764257813, guid: e4c3a53e5259b90488f225d8531127d3, type: 3}
      propertyPath: m_AnchoredPosition.x
      value: 0.23
      objectReference: {fileID: 0}
    - target: {fileID: 1990597542764257813, guid: e4c3a53e5259b90488f225d8531127d3, type: 3}
      propertyPath: m_AnchoredPosition.y
      value: 0.94
      objectReference: {fileID: 0}
    - target: {fileID: 1990597542764257813, guid: e4c3a53e5259b90488f225d8531127d3, type: 3}
      propertyPath: m_LocalEulerAnglesHint.x
      value: 0
      objectReference: {fileID: 0}
    - target: {fileID: 1990597542764257813, guid: e4c3a53e5259b90488f225d8531127d3, type: 3}
      propertyPath: m_LocalEulerAnglesHint.y
      value: 0
      objectReference: {fileID: 0}
    - target: {fileID: 1990597542764257813, guid: e4c3a53e5259b90488f225d8531127d3, type: 3}
      propertyPath: m_LocalEulerAnglesHint.z
      value: 0
      objectReference: {fileID: 0}
    - target: {fileID: 1990597542764257814, guid: e4c3a53e5259b90488f225d8531127d3, type: 3}
      propertyPath: m_AdditionalShaderChannelsFlag
      value: 25
      objectReference: {fileID: 0}
    - target: {fileID: 1990597544091638365, guid: e4c3a53e5259b90488f225d8531127d3, type: 3}
      propertyPath: note
      value: 
      objectReference: {fileID: 1436769416}
    - target: {fileID: 1990597544091638365, guid: e4c3a53e5259b90488f225d8531127d3, type: 3}
      propertyPath: barleyBreakGame
      value: 
      objectReference: {fileID: 1363728767}
    - target: {fileID: 1990597544091638365, guid: e4c3a53e5259b90488f225d8531127d3, type: 3}
      propertyPath: playerController
      value: 
      objectReference: {fileID: 893175595}
    m_RemovedComponents: []
  m_SourcePrefab: {fileID: 100100000, guid: e4c3a53e5259b90488f225d8531127d3, type: 3}
--- !u!1 &2050529561 stripped
GameObject:
  m_CorrespondingSourceObject: {fileID: 3921111214257318055, guid: 4b888400c345b94408f648ac4a6c92e1, type: 3}
  m_PrefabInstance: {fileID: 815763481}
  m_PrefabAsset: {fileID: 0}
--- !u!114 &2050529562
MonoBehaviour:
  m_ObjectHideFlags: 0
  m_CorrespondingSourceObject: {fileID: 0}
  m_PrefabInstance: {fileID: 0}
  m_PrefabAsset: {fileID: 0}
  m_GameObject: {fileID: 2050529561}
  m_Enabled: 1
  m_EditorHideFlags: 0
  m_Script: {fileID: 11500000, guid: 78eea6584c619bc40a6937bfa3d2e508, type: 3}
  m_Name: 
  m_EditorClassIdentifier: 
  gamePurpose: {fileID: 413764691}
--- !u!1001 &2063378859
PrefabInstance:
  m_ObjectHideFlags: 0
  serializedVersion: 2
  m_Modification:
    m_TransformParent: {fileID: 1961533812}
    m_Modifications:
    - target: {fileID: 7356981935589379034, guid: 9e614b141768c1642ab23075497078a9, type: 3}
      propertyPath: m_IsActive
      value: 0
      objectReference: {fileID: 0}
    - target: {fileID: 7356981935589379035, guid: 9e614b141768c1642ab23075497078a9, type: 3}
      propertyPath: m_text
      value: What's that next to the pie? A game of tag? Why are they here in the
        kitchen? Maybe something will happen if I put them in the right order?
      objectReference: {fileID: 0}
    - target: {fileID: 7356981935682843680, guid: 9e614b141768c1642ab23075497078a9, type: 3}
      propertyPath: m_Pivot.x
      value: 0.5
      objectReference: {fileID: 0}
    - target: {fileID: 7356981935682843680, guid: 9e614b141768c1642ab23075497078a9, type: 3}
      propertyPath: m_Pivot.y
      value: 1
      objectReference: {fileID: 0}
    - target: {fileID: 7356981935682843680, guid: 9e614b141768c1642ab23075497078a9, type: 3}
      propertyPath: m_RootOrder
      value: 2
      objectReference: {fileID: 0}
    - target: {fileID: 7356981935682843680, guid: 9e614b141768c1642ab23075497078a9, type: 3}
      propertyPath: m_AnchorMax.x
      value: 1
      objectReference: {fileID: 0}
    - target: {fileID: 7356981935682843680, guid: 9e614b141768c1642ab23075497078a9, type: 3}
      propertyPath: m_AnchorMax.y
      value: 1
      objectReference: {fileID: 0}
    - target: {fileID: 7356981935682843680, guid: 9e614b141768c1642ab23075497078a9, type: 3}
      propertyPath: m_AnchorMin.x
      value: 0
      objectReference: {fileID: 0}
    - target: {fileID: 7356981935682843680, guid: 9e614b141768c1642ab23075497078a9, type: 3}
      propertyPath: m_AnchorMin.y
      value: 1
      objectReference: {fileID: 0}
    - target: {fileID: 7356981935682843680, guid: 9e614b141768c1642ab23075497078a9, type: 3}
      propertyPath: m_SizeDelta.x
      value: 0
      objectReference: {fileID: 0}
    - target: {fileID: 7356981935682843680, guid: 9e614b141768c1642ab23075497078a9, type: 3}
      propertyPath: m_SizeDelta.y
      value: 200
      objectReference: {fileID: 0}
    - target: {fileID: 7356981935682843680, guid: 9e614b141768c1642ab23075497078a9, type: 3}
      propertyPath: m_LocalScale.x
      value: 0.70000005
      objectReference: {fileID: 0}
    - target: {fileID: 7356981935682843680, guid: 9e614b141768c1642ab23075497078a9, type: 3}
      propertyPath: m_LocalScale.y
      value: 0.70000005
      objectReference: {fileID: 0}
    - target: {fileID: 7356981935682843680, guid: 9e614b141768c1642ab23075497078a9, type: 3}
      propertyPath: m_LocalScale.z
      value: 0.70000005
      objectReference: {fileID: 0}
    - target: {fileID: 7356981935682843680, guid: 9e614b141768c1642ab23075497078a9, type: 3}
      propertyPath: m_LocalPosition.x
      value: 0
      objectReference: {fileID: 0}
    - target: {fileID: 7356981935682843680, guid: 9e614b141768c1642ab23075497078a9, type: 3}
      propertyPath: m_LocalPosition.y
      value: 0
      objectReference: {fileID: 0}
    - target: {fileID: 7356981935682843680, guid: 9e614b141768c1642ab23075497078a9, type: 3}
      propertyPath: m_LocalPosition.z
      value: 0
      objectReference: {fileID: 0}
    - target: {fileID: 7356981935682843680, guid: 9e614b141768c1642ab23075497078a9, type: 3}
      propertyPath: m_LocalRotation.w
      value: 1
      objectReference: {fileID: 0}
    - target: {fileID: 7356981935682843680, guid: 9e614b141768c1642ab23075497078a9, type: 3}
      propertyPath: m_LocalRotation.x
      value: -0
      objectReference: {fileID: 0}
    - target: {fileID: 7356981935682843680, guid: 9e614b141768c1642ab23075497078a9, type: 3}
      propertyPath: m_LocalRotation.y
      value: -0
      objectReference: {fileID: 0}
    - target: {fileID: 7356981935682843680, guid: 9e614b141768c1642ab23075497078a9, type: 3}
      propertyPath: m_LocalRotation.z
      value: -0
      objectReference: {fileID: 0}
    - target: {fileID: 7356981935682843680, guid: 9e614b141768c1642ab23075497078a9, type: 3}
      propertyPath: m_AnchoredPosition.x
      value: -0.00012207031
      objectReference: {fileID: 0}
    - target: {fileID: 7356981935682843680, guid: 9e614b141768c1642ab23075497078a9, type: 3}
      propertyPath: m_AnchoredPosition.y
      value: 0
      objectReference: {fileID: 0}
    - target: {fileID: 7356981935682843680, guid: 9e614b141768c1642ab23075497078a9, type: 3}
      propertyPath: m_LocalEulerAnglesHint.x
      value: 0
      objectReference: {fileID: 0}
    - target: {fileID: 7356981935682843680, guid: 9e614b141768c1642ab23075497078a9, type: 3}
      propertyPath: m_LocalEulerAnglesHint.y
      value: 0
      objectReference: {fileID: 0}
    - target: {fileID: 7356981935682843680, guid: 9e614b141768c1642ab23075497078a9, type: 3}
      propertyPath: m_LocalEulerAnglesHint.z
      value: 0
      objectReference: {fileID: 0}
    - target: {fileID: 7356981935682843683, guid: 9e614b141768c1642ab23075497078a9, type: 3}
      propertyPath: m_Name
      value: TextCanvas
      objectReference: {fileID: 0}
    m_RemovedComponents: []
  m_SourcePrefab: {fileID: 100100000, guid: 9e614b141768c1642ab23075497078a9, type: 3}
--- !u!1001 &8781547818063806563
PrefabInstance:
  m_ObjectHideFlags: 0
  serializedVersion: 2
  m_Modification:
    m_TransformParent: {fileID: 1363728771}
    m_Modifications:
    - target: {fileID: 8781547818733971524, guid: d7585fbf56717624cae05774193b042f, type: 3}
      propertyPath: m_Pivot.x
      value: 0
      objectReference: {fileID: 0}
    - target: {fileID: 8781547818733971524, guid: d7585fbf56717624cae05774193b042f, type: 3}
      propertyPath: m_Pivot.y
      value: 1
      objectReference: {fileID: 0}
    - target: {fileID: 8781547818733971524, guid: d7585fbf56717624cae05774193b042f, type: 3}
      propertyPath: m_RootOrder
      value: 1
      objectReference: {fileID: 0}
    - target: {fileID: 8781547818733971524, guid: d7585fbf56717624cae05774193b042f, type: 3}
      propertyPath: m_AnchorMax.x
      value: 0
      objectReference: {fileID: 0}
    - target: {fileID: 8781547818733971524, guid: d7585fbf56717624cae05774193b042f, type: 3}
      propertyPath: m_AnchorMax.y
      value: 1
      objectReference: {fileID: 0}
    - target: {fileID: 8781547818733971524, guid: d7585fbf56717624cae05774193b042f, type: 3}
      propertyPath: m_AnchorMin.x
      value: 0
      objectReference: {fileID: 0}
    - target: {fileID: 8781547818733971524, guid: d7585fbf56717624cae05774193b042f, type: 3}
      propertyPath: m_AnchorMin.y
      value: 1
      objectReference: {fileID: 0}
    - target: {fileID: 8781547818733971524, guid: d7585fbf56717624cae05774193b042f, type: 3}
      propertyPath: m_SizeDelta.x
      value: 160
      objectReference: {fileID: 0}
    - target: {fileID: 8781547818733971524, guid: d7585fbf56717624cae05774193b042f, type: 3}
      propertyPath: m_SizeDelta.y
      value: 115.51001
      objectReference: {fileID: 0}
    - target: {fileID: 8781547818733971524, guid: d7585fbf56717624cae05774193b042f, type: 3}
      propertyPath: m_LocalPosition.x
      value: 0
      objectReference: {fileID: 0}
    - target: {fileID: 8781547818733971524, guid: d7585fbf56717624cae05774193b042f, type: 3}
      propertyPath: m_LocalPosition.y
      value: 0
      objectReference: {fileID: 0}
    - target: {fileID: 8781547818733971524, guid: d7585fbf56717624cae05774193b042f, type: 3}
      propertyPath: m_LocalPosition.z
      value: 0
      objectReference: {fileID: 0}
    - target: {fileID: 8781547818733971524, guid: d7585fbf56717624cae05774193b042f, type: 3}
      propertyPath: m_LocalRotation.w
      value: 1
      objectReference: {fileID: 0}
    - target: {fileID: 8781547818733971524, guid: d7585fbf56717624cae05774193b042f, type: 3}
      propertyPath: m_LocalRotation.x
      value: 0
      objectReference: {fileID: 0}
    - target: {fileID: 8781547818733971524, guid: d7585fbf56717624cae05774193b042f, type: 3}
      propertyPath: m_LocalRotation.y
      value: 0
      objectReference: {fileID: 0}
    - target: {fileID: 8781547818733971524, guid: d7585fbf56717624cae05774193b042f, type: 3}
      propertyPath: m_LocalRotation.z
      value: 0
      objectReference: {fileID: 0}
    - target: {fileID: 8781547818733971524, guid: d7585fbf56717624cae05774193b042f, type: 3}
      propertyPath: m_AnchoredPosition.x
      value: -164
      objectReference: {fileID: 0}
    - target: {fileID: 8781547818733971524, guid: d7585fbf56717624cae05774193b042f, type: 3}
      propertyPath: m_AnchoredPosition.y
      value: 0
      objectReference: {fileID: 0}
    - target: {fileID: 8781547818733971524, guid: d7585fbf56717624cae05774193b042f, type: 3}
      propertyPath: m_LocalEulerAnglesHint.x
      value: 0
      objectReference: {fileID: 0}
    - target: {fileID: 8781547818733971524, guid: d7585fbf56717624cae05774193b042f, type: 3}
      propertyPath: m_LocalEulerAnglesHint.y
      value: 0
      objectReference: {fileID: 0}
    - target: {fileID: 8781547818733971524, guid: d7585fbf56717624cae05774193b042f, type: 3}
      propertyPath: m_LocalEulerAnglesHint.z
      value: 0
      objectReference: {fileID: 0}
    - target: {fileID: 8781547818733971525, guid: d7585fbf56717624cae05774193b042f, type: 3}
      propertyPath: m_Name
      value: SkeepButton
      objectReference: {fileID: 0}
    - target: {fileID: 8781547818733971531, guid: d7585fbf56717624cae05774193b042f, type: 3}
      propertyPath: m_OnClick.m_PersistentCalls.m_Calls.Array.data[0].m_Target
      value: 
      objectReference: {fileID: 1209961761}
    m_RemovedComponents: []
  m_SourcePrefab: {fileID: 100100000, guid: d7585fbf56717624cae05774193b042f, type: 3}
